2564 4710
237 366 286 460 36
334 363 428 437 Cnr.
454 361 520 438 ΙΙΙ.
545 364 655 440 Sucr.
681 366 710 439 l.
744 388 792 440 nu
818 387 962 440 cuanuo
987 377 1144 440 nudans.

286 557 318 629 Ε
348 557 461 631 radice
484 558 607 632 horum
631 565 806 634 communi
830 527 1019 634 demittitur
1042 584 1083 633 os
1106 582 1229 655 pout·

238 699 447 753 remumt
436 679 533 772 3)
575 678 679 774 longe
721 681 1004 764 minutissimum,
1046 679 1089 750 ad
1126 679 1229 769 finem

190 852 193 861 .
237 793 466 887 cuspidatum.
517 791 599 864 Hoc
633 795 761 864 hiatum
791 794 940 886 implet,
973 797 1034 886 qui
1065 815 1175 866 esttn

157 932 160 937 ·
236 911 426 1006 apophyiin
473 910 668 1003 omoplatae
717 913 861 1007 longam
908 913 1052 1004 eiusque
1098 774 1233 1007 emigra

127 1030 132 1037 ’
183 1034 188 1039 ’
237 1031 416 1104 nunideum
447 1025 539 1120 (tab.
576 1026 638 1101 Vl.
670 1027 731 1124 fig.
762 1029 809 1101 X.
846 1053 879 1100 ι.
921 1029 1014 1126 ι...)

286 1148 341 1220 Os
386 1146 604 1231 universum,
650 1166 745 1238 parte
784 1147 966 1240 superiore
1008 1165 1124 1218 cutem
1159 1165 1233 1217 tan·

239 1286 346 1361 gens,
380 1286 399 1334 a
431 1263 534 1334 latere
569 1263 728 1334 carnibus
760 1262 955 1334 involutum
985 1283 1052 1333 est.
1104 1261 1264 1336 Exten-

239 1405 283 1454 ne
317 1382 450 1453 scilicet
481 1385 514 1453 ci
545 1384 698 1477 iungitur
726 1381 927 1467 musculus,
956 1403 1036 1453 cum
1066 1381 1234 1454 Sacro·

239 1498 450 1572 lumbati
485 1498 757 1591 comparandus,
799 1521 929 1591 partem
965 1499 1089 1570 frontis
1122 1521 1232 1571 occu·

237 1636 322 1709 pons
362 1637 403 1687 ac
446 1619 604 1712 regiones
640 1617 806 1708 temporis
842 1615 1011 1687 laterales.
1062 1614 1232 1689 Interiora

238 1732 354 1804 versus
384 1731 700 1817 alter-‘musculum
731 1732 842 1803 ntulto
867 1733 1013 1818 fortior,
1036 1733 1234 1830 Longis·

240 1853 340 1922 simi
360 1848 495 1938 ,dorsi
524 1850 709 1945 analogm,
732 1872 750 1920 a
774 1848 889 1921 fronte
912 1854 1014 1921 etiam
1037 1853 1231 1943 iucipiens,

239 1971 386 2063 occipiti
427 1967 558 2040 adiacet
595 1970 738 2061 'eiusque
778 1973 900 2039 cristae
924 1966 993 2047 (*).
1045 1969 1231 2062 Uterque,

237 2087 370 2160 adfixus
413 2089 631 2181 procesfibus
672 2087 785 2178 spinae
828 2085 1044 2172 mansuetis,
1086 2088 1233 2179 spinofis

237 2226 273 2278 et
315 2209 446 2291 costis,
488 2208 523 2278 in
566 2210 598 2277 le
631 2204 776 2278 confluit
807 2204 1011 2338 tandemque
1043 2203 1207 2278 definit
1197 2227 1233 2333 ιιι

237 2324 380 2442 crudam
413 2325 436 2414 3
469 2323 550 2396 1280
1230 2380 1233 2384 .

243 2435 424 2514 Osstum
459 2438 801 2531 supertemporalium
832 2436 959 2512 canalis
991 2437 1155 2532 impletus
1178 2458 1234 2513 est

239 2559 338 2632 fimili
372 2561 510 2628 materie
538 2555 749 2651 gelatinosat
781 2577 849 2648 qua
881 2561 1020 2652 tegitur·
1040 2555 1235 2633 faciensu·

238 2679 357 2771 perior
373 2678 477 2748 cranii
496 2670 654 2744 acfociei
672 2674 692 2765 §
712 2695 767 2769 17.
794 2672 833 2745 In
852 2676 1054 2766 quibusdam
1072 2677 1235 2770 piscibus

239 2797 324 2868 haec
366 2794 440 2866 ossa
480 2789 689 2884 fimpliciora
730 2791 805 2885 sunt
841 2812 881 2864 ac
919 2791 1044 2885 plana;
1086 2797 1121 2865 in
1153 2795 1235 2869 aliis

238 2910 423 2983 osstculum
464 2928 679 3000 postremum
722 2908 851 2980 firmius
887 2930 940 2980 est
972 2930 1077 3002 atque
1110 2906 1236 2987 inte·

240 3047 371 3124 grum
404 3023 489 3095 facit
522 3025 656 3093 tubum.

290 3139 384 3217 Solis
429 3137 583 3231 piscibus
626 3140 767 3230 propria
808 3139 879 3209 esse
912 3094 1093 3212 videntur.
1135 3156 1235 3216 nam·

240 3281 325 3357 que
333 3277 368 3330 et
400 3277 520 3328 eorum
552 3252 685 3326 nullum
716 3253 845 3340 constat
874 3256 944 3326 esse
970 3255 1145 3343 officium,
1169 3256 1233 3345 nili

240 3371 336 3471 quod
370 3393 485 3470 tegant
517 3358 622 3463 ntque
659 3369 701 3462 (a
737 3391 833 3442 motu
871 3371 982 3444 forsan
1008 3344 1234 3473 omoplatae)

240 3495 423 3569 defendant
464 3515 605 3564 nervum
637 3490 820 3565 admodum
859 3493 1084 3591 iugularem,
1128 3502 1233 3579 cuius

240 3614 429 3710 descriptio
463 3611 561 3684 datur
589 3599 611 3702 §
642 3631 723 3700 142.

1008 3802 1012 3813 ’
1104 3792 1262 3875 uno·¹

277 4026 333 4106 ξ’)
372 4026 537 4088 Deficiente
566 4026 596 4086 in
625 4024 757 4104 piscibus
777 4027 926 4108 collo·(§
958 4024 1235 4113 117·),c'c'piti

59 4126 63 4133 '
127 4205 130 4213 .
239 4123 398 4185 inseruntur
425 4121 470 4182 hl·
484 4121 621 4183 musculi.
684 4126 687 4131 ·
