2564 4710
238 386 308 471 174
497 354 609 447 Car.
642 372 690 449 V.
726 370 906 447 Suerro'
938 352 967 445 l.-

648 568 671 663 i
727 584 809 663 ¹7¹·

128 822 204 885 Tau.
281 802 363 879 Nec
397 806 512 878 minua
547 798 706 903 singrrlarl
741 805 850 880 modo
884 800 1143 879 conformatum
1175 818 1232 883 est

131 926 202 987 vm
235 928 391 999 cranii
425 946 613 1000 ervum.
672 924 852 1021 Descripti
886 926 1021 1002 scilicet
1053 944 1141 1001 mox
1170 950 1233 1023 pa·

110 1026 162 1103 ΕΒ·
180 1028 222 1087 ¹¹·
235 1046 338 1117 rietes
375 1046 538 1137 occipitia
576 1044 732 1118 laterales
766 1046 906 1140 specum
939 1042 1233 1119 circumscribunt

235 1164 388 1260 amplum
413 1165 544 1237 formae
569 1168 810 1258 prismaticae‚
843 1166 1033 1239 antrorsum
1067 1162 1140 1237 late
1170 1186 1233 1259 pa·

236 1304 335 1370 tens,
362 1284 546 1357 retrorsum
573 1284 731 1358 iuncturi
756 1283 940 1357 vertebrali
963 1281 1129 1356 clausurn.

286 1400 319 1473 E
361 1401 492 1474 duabus
534 1404 700 1488 cameris,
745 1406 781 1475 in
826 1424 910 1495 quas
954 1422 1077 1474 cavum
1121 1398 1233 1471 cranii

235 1518 432 1614 Lampridia
473 1518 660 1606 dividitur,
703 1522 788 1593 haec
824 1532 982 1613 apertura
1014 1520 1233 1590 anticam

236 1642 320 1714 facit
352 1662 456 1733 atque
488 1640 686 1711 inferiorem
719 1640 828 1735 (1.);
865 1662 953 1732 quae
986 1659 1103 1712 utrum
1138 1660 1235 1709 mus·

236 1760 421 1841 culorum,
454 1756 528 1827 ossa
559 1755 659 1827 faciei
690 1775 748 1828 aut
775 1768 974 1850 apparatum
997 1754 1235 1829 branchialenr

236 1877 448 1947 moventium
481 1870 682 1961 insertioni‚
713 1888 794 1945 n'um
825 1874 902 1947 aliis
933 1876 1070 1971 organis
1106 1886 1234 1946 rec‘un·

238 1995 357 2070 dendia
391 1992 556 2067 destinata
587 1989 716 2081 suerit,
749 1994 833 2066 mihi
862 2008 935 2067 non
966 1990 1134 2067 constitit.

655 2232 678 2326 5
734 2242 815 2326 172.

290 2466 386 2545 Huic
417 2492 503 2543 cavo
536 2472 727 2562 superiacet
758 2487 891 2539 camera
925 2480 1160 2559 postrema
1194 2464 1233 2539 fi·

240 2589 383 2683 mulque
416 2591 655 2680 superior,
688 2588 792 2680 ipsrus
820 2587 1001 2677 encephali
1029 2604 1233 2677 receptacu-

240 2706 339 2792 luma
381 2710 480 2778 cuius
520 2706 689 2777 fornicem
725 2704 855 2776 faciunt
890 2705 964 2775 ossa
998 2704 1234 2797 accipitrum,

236 2824 449 2919 parietalia
479 2844 519 2893 ac
550 2820 696 2915 frontis.
748 2818 891 2892 Fundus
923 2840 1035 2891 autem
1070 2823 1231 2891 constitui

241 2942 378 3012 videtur
411 2962 456 3010 ex
485 2941 561 3010 osse
591 2936 752 3035 petroso,
788 2938 905 3009 addito
933 2932 1072 3029 frontis
1104 2942 1232 3031 pariete

241 3057 429 3143 inferiore,
463 3078 482 3126 a
513 3055 636 3125 lamina
668 3058 842 3149 superiore
876 3056 1064 3128 secedente.
1117 3056 1230 3130 Huius

241 3194 326 3245 vero
358 3194 510 3245 camerae
543 3172 712 3244 orificium
742 3177 947 3246 anterius
969 3172 1076 3270 (m),
1101 3175 1232 3247 formae

242 3292 375 3380 uvalis,
419 3314 496 3365 cum
538 3291 660 3363 lamina
698 3290 836 3364 frontali
872 3292 1034 3365 inferiore
1067 3295 1236 3386 parallelo

241 3416 331 3485 iacet
356 3434 439 3484 mox
463 3434 556 3505 pone
579 3432 619 3483 os
642 3408 877 3483 erhmoideum
899 3410 996 3506 (0.).
1044 3410 1154 3504 Spina
1178 3436 1260 3484 au·

243 3548 312 3600 tem
349 3531 464 3602 brevis
498 3528 605 3623 (3.)‚
642 3550 729 3620 quae
764 3549 816 3600 est
849 3531 883 3599 in
919 3530 1069 3626 margine
1105 3530 1280 3603 orifici't

243 3666 446 3739 postremo,
491 3666 511 3716 e
556 3644 719 3717 confluxu
760 3647 939 3738 utriusque
983 3646 1064 3717 ossas
1099 3636 1280 3741 petros‘z

159 3744 163 3751 ¹
244 3762 390 3835 conflata
422 3762 493 3832 esse
526 3760 672 3832 videtur.
