2564 4710
147 304 266 400 :236
521 322 887 380 nouenos,

277 493 451 575 distincta,
481 491 574 561 labiis
603 496 720 564 vicina.
765 495 926 579 Opereula
953 493 1178 564 branchiarunt

275 605 445 688 diphylla,
484 605 596 690 ossea,
635 606 845 689 lubarcuata,
885 609 1034 694 integra,
1070 610 1177 692 nuda;

276 719 393 784 lamina
423 721 551 798 postica
580 719 703 800 maior3
735 721 822 786 hisce
849 719 1010 787 clauditur
1031 736 1177 802 apertura

275 829 498 896 branchiarum
522 830 784 913 semicircularis,
808 832 956 919 utrinque
979 832 1019 898 ad
1039 835 1176 899 nuclram

275 942 369 1026 supra
405 959 511 1008 ortum
547 943 714 1039 pinnarum
751 943 959 1024 pectoralium
997 944 1175 1026 incipiens,

275 1055 359 1122 infra
381 1059 487 1138 gulam
510 1054 718 1134 continuata,
741 1055 943 1137 amplissima.
988 1053 1175 1122 Membrana

209 1218 213 1227 .
276 1167 472 1234 branchialis
509 1167 651 1251 gularis,
689 1164 835 1233 ossreulis
866 1164 914 1234 V'l
949 1170 1091 1234 arcuatia
1125 1188 1176 1251 pa·

276 1281 393 1346 rallelis
432 1278 573 1358 radiata,
612 1277 708 1344 radiis
738 1280 853 1346 anticis
884 1279 1034 1362 brevior,
1066 1280 1175 1371 reliqui
1211 1280 1213 1282 ’

276 1385 384 1457 lensrm
410 1391 595 1476 longiores,
617 1390 683 1457 duo
705 1393 802 1456 antici
826 1392 908 1457 ultra
930 1393 1084 1474 opercula
1106 1411 1175 1476 pro·
1214 1457 1216 1462 Α

278 1504 444 1568 mittentes.
490 1502 588 1569 Oculi
617 1501 728 1568 vertici
758 1502 948 1585 propiores,
978 1490 1175 1572 convexitate

276 1614 331 1681 lua
359 1615 595 1697 prominentes3
627 1616 749 1697 pupilla
776 1631 911 1700 magna,
934 1615 1051 1702 nigra,
1074 1620 1176 1685 cincta

277 1726 356 1793 iride
380 1726 522 1810 spadicea
545 1728 684 1812 margine
705 1727 818 1793 rubro.

234 1838 335 1906 Linea
358 1840 518 1920 lateralis,
542 1837 614 1904 inde
636 1840 675 1906 ab
699 1841 817 1924 angulo
840 1838 993 1922 superiori
1016 1855 1176 1924 aperturae

278 1952 471 2019 branchialis
503 1955 651 2038 utrinque
679 1951 860 2033 incipiens,
891 1970 990 2043 curva
1019 1951 1176 2018 adscendit

277 2064 405 2130 dorsum
434 2064 565 2146 versus,
595 2079 625 2129 et
655 2080 782 2130 arcuata
812 2065 991 2131 deflectitur
1016 2067 1057 2130 ad
1080 2065 1176 2151 regio·

278 2195 348 2242 nem
379 2196 463 2260 pone
492 2177 604 2260 pinnas
630 2177 831 2258 pectorales,
855 2165 987 2261 oblique
1009 2176 1174 2244 decurrens

277 2291 378 2355 tendit
408 2308 464 2372 per
493 2289 627 2354 medium
659 2288 744 2354 latus
774 2288 921 2368 corporis
950 2290 1094 2372 postici,
1111 2287 1175 2354 ubi

276 2403 409 2468 caudato
433 2403 603 2486 aequaliter
624 2399 763 2481 dividor
788 2398 983 2475 formatore
1005 2398 1173 2486 squamulis

278 2532 346 2598 per*
364 2516 465 2597 paria,
479 2510 664 2595 disposrtis,
694 2513 869 2596 interrupta
897 2490 971 2578 serie
994 2513 1173 2593 distinctis,

245 2715 247 2720 ,
277 2630 398 2694 coloris
429 2628 564 2693 saturate
593 2626 689 2691 fului.

236 2743 330 2809 Anus
354 2741 451 2824 paulo
473 2740 557 2822 pone
579 2736 714 2803 medium
738 2738 908 2819 corporis,
931 2739 1073 2821 amplus.

236 2855 353 2922 Pinnae
382 2871 532 2918 omnese
560 2851 658 2918 radiis
680 2849 779 2915 osseis
800 2850 966 2932 constant,
990 2852 1031 2916 ad
1058 2851 1171 2936 apicem

279 2968 464 3053 molliores,
487 2976 751 3046 compungentes.

235 3077 477 3147 Pectorales
495 3074 590 3139 dorso
609 3092 703 3156 quam
727 3074 830 3139 ventri
851 3074 1040 3160 propiores,
1064 3090 1172 3160 angus·

279 3204 384 3269 tatae,
406 3189 558 3267 falcatae,
580 3187 613 3251 in
631 3202 764 3251 acumen
784 3188 966 3270 elongatae,
984 3186 1065 3253 radii
1084 3185 1172 3267 XXI,

149 3304 162 3332 ¹
201 3329 204 3336 ·
279 3321 416 3392 quorum
454 3301 581 3370 anticus
618 3296 777 3380 validior,
811 3297 844 3368 in
879 3297 978 3366 aciem
1019 3312 1175 3384 eompres·

220 3484 223 3492 7
277 3417 344 3483 sus.

235 3522 456 3596 Vent'ralee
486 3544 503 3591 e
534 3524 661 3608 regions
691 3520 822 3586 dorsalis
854 3520 976 3588 anticae
1006 3522 1039 3587 in
1071 3537 1174 3590 ventre

278 3642 373 3721 strae,
400 3653 574 3723 angustae,
597 3636 816 3715 acuminatae3
840 3633 918 3727 radii
940 3633 1073 3715 XVlll,
1098 3652 1174 3717 quo·

278 3773 348 3819 rum
386 3753 511 3822 anticos
542 3748 725 3828 carinatus,
757 3747 790 3814 in
822 3746 919 3820 aciem
951 3746 1175 3831 compressus,

188 3912 190 3918 -
278 3867 393 3959 reliqui
416 3859 524 3934 sensim
547 3858 772 3934 desuescentes.

1077 3973 1173 4040 Dor·
