2564 4710
247 374 316 459 188
406 393 455 444 ua
481 345 622 446 naman.
648 392 726 446 nar.
752 392 917 447 ananau.
940 393 1075 461 mamea,
1152 378 1155 383 ’

659 567 680 659 i
737 586 817 662 191·

290 818 339 869 os
373 818 551 875 arnnur
584 807 785 876 tertium
815 802 935 901 (a),
962 804 1105 896 reliquis
1136 804 1229 877 volu·

239 920 330 988 mine
353 921 480 1010 maius,
508 944 657 1016 corpore
682 921 930 1012 crasfiuscuo,
955 924 1101 997 formam
1132 925 1228 1000 haber

208 1082 212 1089 -
239 1041 504 1132 pyramidarum,
532 1064 689 1117 truncato
712 1047 812 1137 apice
843 1050 1108 1119 anteriore.

289 1157 437 1252 Capitur
470 1161 528 1235 hic
558 1186 578 1233 a
611 1164 755 1255 cavitate
789 1161 902 1256 lunata
935 1162 1073 1254 hyoidis
1102 1165 1228 1262 primi,

239 1272 350 1372 Quod
375 1275 547 1369 reliquum
570 1299 622 1351 est
644 1280 804 1376 marginis
826 1283 1102 1376 superioris,
1129 1300 1228 1375 arque

239 1377 379 1489 parietis
407 1400 586 1481 interni
615 1398 764 1471 liberum
794 1401 894 1469 iacet.
946 1394 1061 1469 Paries
1086 1418 1229 1472 exter·

238 1535 316 1585 nus
339 1514 515 1607 appofitus
537 1536 592 1587 est
607 1510 866 1611 praeoperrulo
891 1535 927 1587 et
950 1517 1229 1610 inreroperculr,

237 1637 361 1724 partim
387 1656 535 1726 quoque·
551 1635 783 1706 mandibulae
803 1654 839 1706 et
866 1635 1095 1729 symplectieo
1121 1655 1230 1731 quar·

238 1768 286 1822 to.
318 1749 349 1822 E
372 1744 525 1849 margine
546 1749 783 1838 inferiore,
804 1773 970 1825 excavato
988 1740 1143 1846 penden'e
1164 1776 1233 1826 cur·

240 1883 302 1941 rae
330 1873 464 1962 priores
498 1892 613 1957 tres,
645 1891 803 1963 quarta
836 1894 881 1945 ex
916 1872 1019 1967 apice
1040 1870 1246 1957 inferiore‚;

150 2048 154 2053 .
240 1989 398 2080 quinta
425 2010 446 2062 e
474 1993 634 2069 iunctura
658 1986 759 2064 huius
782 1992 865 2064 ossrs
886 2012 968 2065 cum
990 1990 1227 2085 praecedente,

656 2227 679 2319 5
736 2248 817 2325 Ι99ε

290 2482 342 2535 os
375 2484 550 2539 aaaaur
584 2483 810 2556 quartum
845 2462 903 2534 fe'u
934 2464 1093 2536 crista
1124 2474 1227 2561 azygr

240 2572 333 2690 (μ.)
358 2567 493 2653 'lamina
534 2600 587 2652 est
629 2583 764 2667 tenuis,
807 2579 1045 2676 triangularis,
1078 2584 1228 2679 margine

232 2702 436 2795 postico
468 2699 591 2771 leniter
621 2699 775 2787 flauam
805 2700 1076 2791 superiore,
1108 2719 1228 2785 acuto,

238 2820 379 2911 paulurn
413 2841 594 2905 concavo;
626 2820 881 2890 anteriore
911 2836 1100 2908 compacto
1125 2819 1227 2914 magis

239 2958 275 3010 et
297 2940 433 3033 gibbo,
461 2939 604 3028 superne
624 2934 875 3028 aliquantulum
897 2935 1092 3008 incrassato.
1129 2934 1227 3007 Adeo

239 3054 345 3127 crista
375 3057 460 3126 haec
492 3054 631 3148 infignis
653 3072 705 3123 est
726 3052 983 3149 magnitudine,
1005 3073 1044 3125 ur
1066 3056 1103 3127 in
1127 3052 1226 3128 Grdu

238 3174 347 3266 triplo
376 3172 449 3245 iere
479 3174 595 3244 minor
623 3171 674 3243 iit.
782 3170 786 3177 ’

287 3288 490 3375 Articulus,
516 3309 588 3380 quo
612 3283 734 3382 hyoidr'
754 3290 928 3383 iungitur,
948 3290 984 3359 in
1008 3285 1112 3361 Gado
1136 3308 1230 3363 cum·

237 3408 404 3502 plectitur
430 3407 624 3480 universum
650 3409 835 3502 marginem
857 3409 979 3478 cristae
1000 3409 1228 3495 anteriorem

236 3530 273 3600 in
304 3525 489 3622 Lampride
521 3526 736 3600 contrahitur
756 3525 798 3597 ad
820 3545 925 3618 caput
948 3526 1135 3619 pannum,
1163 3527 1229 3600 suli

236 3643 360 3741 aprini
385 3645 510 3739 primo.
537 3641 718 3714 adnexum.
770 3640 933 3714 Iunctum
966 3643 1051 3715 haec
1085 3644 1130 3717 ad
1151 3647 1230 3743 gin·

237 3763 394 3862 glyuum
416 3762 593 3834 referatur.
637 3758 768 3832 Posrtio
790 3762 938 3845 cristae,
965 3760 1079 3859 qualis
1099 3761 1230 3857 prostat

239 3883 308 3953 tab.
333 3879 367 3953 ΙΙ
390 3899 425 3952 et
447 3877 524 3967 111,
548 3897 711 3972 quantum
734 3895 873 3973 potest,
898 3895 951 3951 est
971 3898 1130 3963 retractu.

1175 4058 1223 4194 ‚G
