2564 4710
290 379 346 430 un
382 378 576 432 nuunco
611 342 886 432 sanuserat.
1014 374 1082 452 ης

93 552 192 626 nulii
209 573 341 644 praeter
360 574 536 647 utramque
555 556 740 648 spinsiam,
758 553 924 648 apophysi
941 551 1083 625 instruc·

96 691 232 754 tarum,
269 669 368 742 series
404 676 599 745 terminatur
632 676 665 743 in
703 671 869 742 lamellam
903 669 1085 768 triangula·

94 808 195 876 rum,
220 785 378 881 planam,
403 811 423 859 a
448 789 551 863 latere
578 790 804 884 compressam
824 788 845 886 (
868 788 904 884 ).

555 1056 630 1078 ω

511 1260 534 1355 i
589 1279 670 1351 124·
765 1237 769 1243 “

144 1495 313 1592 Organa
340 1501 573 1583 natatoria,
599 1516 766 1591 quatenus
789 1493 831 1567 ad
854 1494 965 1589 ipsum
985 1506 1079 1568 trun·

92 1633 175 1685 cum
198 1617 387 1704 pertinent,
415 1612 611 1687 dividuntur
635 1618 670 1685 in
695 1610 867 1709 dedalea,
894 1612 1020 1684 canales
1041 1611 1078 1685 ea

91 1730 274 1804 candales.
310 1731 410 1827 Quae
436 1735 548 1825 pinnis
567 1754 607 1805 ac
631 1731 732 1804 radiis
757 1730 959 1805 omnibus
983 1750 1082 1801 corn·

91 1850 208 1920 munia
242 1849 340 1935 sunt,
376 1850 532 1946 legantur
564 1854 599 1921 in
633 1850 864 1942 descriptione
898 1853 1079 1942 pinnarum

91 1964 364 2040 thoracicarum
391 1967 434 2061 (§
461 1992 510 2062 99
527 1965 663 2065 seqq.)

142 2080 374 2154 Dorsales
411 2086 498 2156 inter
529 2105 632 2176 atque
665 2084 903 2177 processuum
925 2082 1080 2176 spinosa·

88 2219 168 2270 rum
200 2201 440 2272 vertebralium
470 2221 640 2285 extrema,
673 2200 888 2274 intercedunt
922 2204 1079 2293 spinae

88 2314 288 2412 oblongae,
323 2317 506 2404 robustae3
546 2340 686 2410 quarum
714 2320 866 2390 omnium
891 2320 1008 2411 apices
1033 2316 1078 2388 li·

87 2454 249 2531 gamento
271 2435 497 2508 adnectuntur
518 2437 733 2528 processrbus
756 2438 985 2509 vertebrarum
1009 2435 1078 2528 spi·

86 2549 205 2636 nafis,
236 2549 429 2643 eodemque
464 2552 651 2648 ligamento
684 2551 811 2625 sursum
843 2552 992 2645 expanso
1016 2550 1076 2625 iir-

88 2660 224 2741 mantur
246 2672 406 2742 invicem.

140 2789 284 2887 Singula
307 2790 400 2882 spina
421 2809 498 2861 ante
519 2790 674 2860 sehabet
695 2789 826 2881 iibique
851 2791 970 2860 intime
989 2802 1075 2861 con·

87 2910 241 2981 iunctam
276 2907 442 2980 lamellam
470 2926 604 2978 tenuem
638 2906 730 2992 (tab.
758 2905 820 2980 VI.
846 2906 905 3002 fig.
932 2905 964 2979 Ι.
990 2905 1073 2999 u),

88 3048 129 3098 ac
156 3024 259 3096 latere
284 3045 460 3116 postremo
481 3022 601 3105 aliam,
620 3021 726 3118 longe
744 3021 944 3116 ampliorem
966 3022 1074 3118 (ως

89 3163 257 3235 utraque,
281 3140 387 3233 paulo
413 3140 510 3231 supra
536 3136 683 3211 medium
710 3142 901 3230 incipiens,
929 3139 991 3212 sub
1017 3163 1073 3212 ca·

88 3263 162 3354 pite
199 3259 311 3352 spinae
348 3256 476 3329 definit.
536 3255 652 3347 Caput
690 3257 758 3326 hoc
792 3255 934 3346 superne
965 3257 1076 3329 habet

91 3376 112 3450 f
117 3401 279 3454 uveam
314 3375 552 3474 triangularem
585 3372 693 3470 (3.);
735 3393 846 3464 quae,
881 3377 1075 3466 posteriora

997 3512 1075 3563 ver·

130 3728 185 3808 (²³)
225 3726 378 3791 Ptocessus
409 3720 513 3800 spinoii
544 3723 777 3786 inferioris
804 3672 1074 3801 analogdnmultia

91 3838 136 3885 est
163 3826 286 3885 avibus:
315 3838 417 3896 nempe
448 3820 483 3878 ad
511 3822 653 3878 vertebras
680 3821 871 3880 dorsales
893 3821 1073 3892 Falconum,

93 3920 307 3987 Psittacorum‚
327 3914 470 3990 Alcyonia
496 3912 625 3987 ispidae,
645 3914 789 3974 Numidae
810 3912 999 3987 meleagridis.
1039 3914 1073 3970 In

90 4014 263 4074 dorsone
284 4012 442 4072 cervice
469 4006 551 4068 srmul
574 4006 698 4066 Pltafiani
719 4011 807 4082 galli,
829 4008 942 4082 Anseris
964 4007 1072 4075 olorim

90 4121 144 4182 et,
169 4110 244 4171 inter
271 4106 450 4176 mammalia,
478 4102 515 4163 ad
541 4101 700 4163 caudam
727 4102 950 4178 Delphinnrurn.
1009 4121 1013 4131 ·
