2564 4710
216 268 297 408 200=
458 328 568 405 Car.
603 333 650 407 V.
687 331 867 415 Sacrto
902 329 967 408 IV.

266 523 485 622 Quamquam
514 525 645 599 fabrica
676 528 829 621 peluis
863 529 969 619 prima
995 523 1110 602 fronte
1134 525 1203 596 exi·

134 658 139 664 ’
215 646 285 717 mie
310 641 492 714 deflectere
522 644 675 717 videatur
707 648 749 716 ab
775 669 837 730 ea,
871 665 959 736 quae
992 641 1033 737 (§
1063 638 1208 732 109.)e

217 759 326 835 Gadis
348 759 525 854 descripta
551 762 704 857 legitur;
730 763 893 858 infignior
916 782 1027 832 tamen
1053 756 1208 831 differem

218 881 267 950 tia
285 897 338 949 est
359 879 402 963 in.
416 881 562 970 partium
587 883 814 971 proportione
836 900 877 949 ac
899 877 984 962 litu,
1009 884 1112 968 quam
1135 877 1209 969 qui·

218 993 296 1073 dem
319 998 354 1067 in
380 1016 494 1067 earum
517 996 739 1089 dispofitione
761 1017 797 1069 et
818 1017 975 1069 numero.
1012 994 1102 1067 Sunt
1120 994 1210 1065 enim

218 1113 303 1201 Iria,
334 1133 374 1185 ut
401 1117 435 1185 in
460 1113 588 1196 Gado,
617 1116 703 1196 duae
726 1115 931 1198 columnae,
956 1112 1209 1197 at-vertica·

218 1231 330 1313 liter
362 1229 490 1322 politae
521 1218 653 1324 fiatque
678 1232 875 1321 adiacentes
903 1227 997 1325 (tab.
1024 1227 1071 1301 X.
1097 1223 1210 1323 fig.-l.

219 1348 258 1420 b.
284 1345 347 1440 f.).
382 1346 539 1442 Utraque
573 1350 805 1422 columna-ad
830 1347 1115 1443 perpendiculum
1140 1345 1210 1423 fert

220 1463 312 1536 cadit
343 1466 378 1533 in
410 1461 598 1560 'marginem
633 1467 729 1540 suum
758 1469 939 1539 robustum
970 1463 1125 1562 (i.g.)3
1153 1465 1212 1555 qui

222 1581 293 1655 duo
326 1584 494 1679 margines
531 1584 625 1656 bases
660 1585 790 1658 faciunt
824 1585 983 1682 trianguli
1014 1582 1212 1677 aequilateri

222 1700 329 1794 (ig,
350 1699 434 1791 n),
466 1701 584 1776 itidem
620 1699 770 1796 duplicis
805 1705 938 1796 ibique
970 1700 1163 1795 adpuliti..

272 1815 591 1915 Triangulum
620 1821 732 1913 ipsum
764 1824 953 1915 comparari
983 1840 1102 1913 potest
1132 1840 1211 1901 curn

223 1936 348 2006 lamina
393 1935 587 2030 triangulari
631 1939 665 2008 in
701 1938 802 2011 Gado
836 1938 930 2034 (tab.
961 1938 1026 2011 XI.
1056 1939 1116 2034 fig.
1149 1915 1212 2028 Xlss¹

221 2055 249 2126 i.
269 2073 304 2149 g.
322 2051 400 2145 n.):
423 2074 569 2147 namque
590 2054 707 2125 fimilis
729 2055 800 2151 fere
824 2059 932 2127 estin
956 2042 1106 2149 utro'que
1128 2057 1213 2128 ratio

224 2172 329 2255 iiras,
365 2192 528 2264 respectu
570 2172 793 2259 columnae,.
821 2176 1012 2266 pinnasque
1046 2171 1214 2252 ventralea

224 2295 316 2388 gerit
346 2294 421 2376 eius
452 2312 571 2388 margo
604 2315 799 2384 postremus
831 2294 878 2388 (i.
911 2293 983 2390 g.).
1040 2292 1107 2373 Est
1138 2293 1216 2386 qui·

225 2386 304 2483 dem
339 2412 477 2485 tenuior
509 2414 546 2480 in·
586 2409 771 2503 Lampride
812 2414 992 2506 minusque
1035 2430 1215 2505 compacta

226 2527 313 2617 haec
347 2526 492 2618 lamina:
526 2527 593 2619 qui
629 2549 712 2599 vero
749 2527 911 2620 qualitate
946 2551 990 2601 eo
1025 2531 1134 2624 magis
1158 2550 1215 2620 ape

225 2645 439 2737 propinquat
481 2643 525 2715 ad
566 2643 710 2716 formam
743 2647 966 2720 extremitatis
1003 2648 1214 2742 thoracig

227 2783 328 2853 cae,
360 2765 400 2855 in·
430 2761 570 2855 laminas
603 2761 721 2833 itidem
754 2765 928 2853 tenuiores
960 2761 1096 2847 ductae.
1158 2799 1179 2813 ··

245 2911 248 2918 ·
277 2876 378 2973 Quae
406 2874 538 2968 reliqua
558 2898 632 2964 est,
658 2878 859 2968 lamella
889 2880 1215 2975 triangularis

227 3013 385 3090 externa
418 2997 474 3086 seu
507 2997 619 3086 minor
644 2994 694 3089 (f.
719 3017 754 3090 g.
780 2997 1008 3092 p.),s1mile‚m
1034 2997 1213 3076 feretum

228 3112 401 3209 triangulo
427 3115 554 3184 maiore
578 3111 681 3182 habet
705 3112 867 3207 figuram3
889 3137 941 3204 est
962 3119 1066 3189 etiam
1089 3116 1215 3211 duplex

169 3306 173 3315 ,
225 3254 268 3304 ac
296 3230 354 3301 tali
385 3229 490 3318 modo
524 3229 668 3321 postte„
692 3251 730 3300 ut
756 3234 915 3324 utrinque
941 3238 1054 3330 tangat
1080 3234 1215 3326 planum

227 3352 397 3435 internum
437 3345 545 3424 ulnae
581 3348 630 3420 sui
667 3345 804 3435 latetis,
846 3371 881 3420 et
914 3353 1002 3447 inter
1024 3351 1070 3422 -se
1107 3354 1216 3448 capiat

203 3449 414 3560 xutrumque
448 3466 654 3562 triangulum
689 3466 816 3537 maius·
843 3465 889 3560 (i.
915 3489 949 3564 g.
977 3469 1061 3560 n.);
1096 3470 1214 3568 quod¹

230 3607 269 3654 ut
315 3589 350 3656 in
393 3584 529 3683 Gallis,
566 3607 648 3686 ,eum
684 3586 758 3678 usse
795 3585 890 3682 sacru
928 3593 1119 3687 comparari
1155 3611 1216 3684 pq·

232 3721 309 3773 test.
419 3718 423 3727 ·
1186 3722 1193 3733 ’

1085 3999 1209 4174 giam·
1243 4032 1249 4050 ’
