2564 4710
241 338 312 417 tyn

320 620 616 701 capua
690 560 1167 727 ou1naumt

393 885 456 955 pe
497 884 728 950 aenaeae.
770 887 1073 945 eumenium.
1159 908 1164 914 ·

653 1410 813 1509 sam

190 1652 193 1657 ’
288 1647 448 1722 Sceletus
480 1646 539 1719 hic
569 1649 770 1735 universus,
802 1645 912 1744 figuti
943 1649 1016 1719 eius
1045 1648 1235 1745 lateralitea

237 1768 459 1867 compressi,
488 1764 531 1839 ad
563 1759 656 1837 Zea
687 1786 723 1838 et
756 1765 790 1839 C
800 1767 1012 1839 haetoda
1040 1767 1234 1855 accedens,

236 1909 283 1961 eo
305 1890 412 1986 magis
435 1885 536 1958 distat
557 1908 577 1958 a
596 1885 712 1959 Gado.
762 1886 881 1980 Capiti
906 1887 1104 1981 praesertim
1130 1906 1237 1980 atque

236 1996 511 2081 extremitatibus
547 1990 677 2083 fabrica
708 2024 760 2097 est
792 2006 1011 2098 partiumque
1045 2010 1237 2098 proportio

116 2197 119 2201 ,
234 2122 335 2205 valde
355 2121 553 2222 fingulatis3
581 2132 669 2217 quae
693 2144 778 2199 vero
804 2143 970 2217 quantum
994 2122 1037 2194 ab
1061 2122 1141 2195 aliis
1164 2125 1237 2217 pis·

237 2244 339 2316 cibus
381 2240 582 2316 deflectatur
621 2263 819 2315 enumerare
853 2262 1010 2317 nostrum
1046 2263 1118 2317 non
1150 2260 1233 2332 eat,

237 2367 300 2457 qui
319 2363 471 2435 brevitet
490 2362 742 2435 recensebimus
760 2362 970 2456 peculiarem
985 2345 1113 2435 osfium
1125 2362 1234 2435 struo·

239 2499 372 2564 turam,
398 2501 628 2572 comparatam
654 2483 809 2575 inprimis
830 2503 909 2556 cum
928 2504 996 2571 ea„
1010 2504 1099 2579 quae
1117 2505 1137 2554 e
1158 2484 1233 2577 spe·

236 2600 292 2673 cie
317 2600 433 2693 peiore
459 2618 510 2669 est
538 2616 665 2669 notata.

287 2718 525 2793 Texturam
553 2740 696 2814 quoque
720 2718 842 2793 osiium
864 2719 961 2814 quod
982 2722 1124 2807 attinet,
1147 2719 1232 2811 haec

238 2837 358 2910 mollis
379 2856 432 2907 est
461 2855 564 2939 atque
593 2837 703 2925 levia,
728 2841 852 2930 partim
879 2838 1083 2937 spongiosa,
1108 2840 1229 2933 partim

237 2958 274 3026 in
304 2957 501 3026 tenuitatem
529 2956 818 3029 membranaceum
844 2959 1012 3055 expansa:
1036 2959 1229 3053 praesertim

238 3074 442 3164 incapite,
478 3070 539 3141 ubi
573 3070 718 3145 laminae
750 3063 932 3166 quaedam
952 3076 1067 3147 osseae
1101 3074 1227 3145 striatae

239 3188 337 3274 sunt,
362 3174 433 3260 non
457 3188 554 3260 secus
584 3210 624 3261 ac
656 3191 691 3261 in
722 3190 854 3277 ossibus
876 3191 987 3289 plania
1010 3195 1118 3275 cranii
1140 3190 1224 3267 fetat

239 3308 380 3382 humani
403 3309 548 3384 inveniti
575 3306 696 3383 solent.
1114 3310 1122 3319 “
1216 3308 1219 3315 ’
