2564 4710
338 329 392 381 oa
428 322 688 385 narrentanis
725 319 932 386 artumco.
1057 316 1130 404 eo?

553 502 575 595 ἓ
629 522 711 597 215.

145 806 149 811 .
191 738 388 822 Comae,
419 739 533 830 ptimo
565 738 710 825 breves,
741 737 1134 833 paululum-incurvae,

139 849 300 930 deorsum
335 853 547 948 pendentes,
581 856 624 927 ab
656 854 837 929 undecima
867 854 948 927 inde
976 855 1136 928 vertebra

140 972 328 1051 retrorsum
362 971 460 1044 valde
493 992 692 1062 convexae,
726 976 761 1046 in
794 972 999 1045 fasciculum
1032 971 1137 1045 colli·

134 1113 335 1203 guntur:
325 1092 372 1161 ita
403 1109 444 1161 ut
474 1089 579 1163 altera
610 1090 708 1163 alteri
739 1088 914 1175 adiacent,
945 1110 1136 1182 omnesque

143 1207 243 1282 {imul
284 1227 421 1281 caveam
458 1186 633 1293 forment,
671 1229 758 1300 quae
792 1205 981 1281 antrorsum
1017 1227 1138 1300 patens

143 1347 239 1400 retro
274 1324 403 1398 claudit
434 1326 615 1398 cavitatem
646 1325 852 1398 abdominis.

196 1441 297 1539 Quae
339 1444 441 1514 huius
482 1463 603 1514 caveae
644 1441 788 1515 fundum
831 1399 985 1531 faciunt,
1023 1460 1141 1545 costae

143 1560 285 1654 aliquot
315 1582 533 1653 postremae,
566 1559 669 1633 dorso
699 1561 760 1634 suo
790 1582 949 1634 convexo
973 1558 1056 1653 (h.)
1080 1581 1142 1651 ap·

148 1679 279 1774 portae
312 1681 387 1752 sunt
417 1679 635 1773 procesfibus
661 1685 871 1775 spinosis
896 1677 1142 1776 inferioribus.

148 1797 335 1871 Costarum
373 1802 607 1891 posteriorum
644 1821 796 1897 extrema
827 1796 910 1890 (o.)
946 1798 1063 1889 spatiis
1093 1797 1147 1867 in·

149 1919 355 2002 mittuntur,
391 1938 477 2008 quae
513 1919 588 1989 sunt
619 1921 708 2015 inter
741 1919 816 1989 ossa
849 1915 991 2009 spinalia
1021 1917 1146 2008 pinnae

151 2033 302 2123 analis3
337 2032 551 2131 reliquarum
595 2032 679 2106 fines
713 2033 796 2133 (g.)
838 2034 947 2107 libere
981 2030 1148 2107 fluctuant

152 2150 254 2244 super
286 2154 471 2247 marginem
505 2151 629 2244 pelvis.
701 2236 703 2240 Α

211 2267 413 2360 Corporum
451 2269 682 2341 vertebrarum
718 2267 987 2342 abdominalium
1022 2266 1147 2360 parieti

153 2383 312 2457 inferiori
347 2382 491 2456 foveo
526 2387 687 2479 impressa
720 2408 772 2459 est
806 2384 1146 2482 longitudino·
1211 2447 1215 2456 .

150 2504 218 2576 lis
243 2501 303 2597 (p.
329 2501 415 2597 p.);
449 2527 536 2597 quae
557 2484 733 2578 'destinata
763 2507 835 2578 esse
865 2504 1001 2587 videtur
1025 2503 1070 2574 ad
1093 2525 1147 2575 re·

152 2622 354 2717 cipiendum
397 2645 456 2694 vas
499 2623 751 2720 sanguiferum:
795 2625 1022 2720 prolongatur
1055 2623 1147 2693 enim

107 2746 109 2751 “
153 2740 257 2833 super
287 2737 488 2811 lunulam
515 2736 633 2830 (m),
661 2762 748 2832 quae
773 2762 825 2813 est
851 2743 939 2813 inter
962 2759 1147 2831 utrumque

153 2857 346 2953 capitulum
385 2857 545 2929 laminae
574 2858 822 2953 pyramidalr's
857 2861 1009 2953 prioris;
1045 2879 1149 2952 atque

156 2978 202 3050 stc
234 2976 347 3048 tranfit
377 2977 411 3045 in
443 2974 597 3047 canalem
623 2976 736 3069 spinae
762 2975 837 3048 inf
841 2980 1060 3065 errorem,
1086 2979 1147 3069 qui

159 3094 263 3169 huius
296 3091 379 3168 vafis
412 3092 671 3187 receptaculum
701 3093 773 3168 esse
806 3094 894 3167 solet
915 3092 994 3192 (*).

1011 3329 1034 3423 ἕ
1066 3324 1150 3402 216.

200 3581 258 3662 (¹¹)
297 3577 459 3644 Tmnfitum
486 3579 565 3642 hunc
585 3597 603 3640 a
622 3576 807 3658 processrbus
830 3576 993 3640 uansversrs
1014 3591 1044 3639 et
1065 3581 1157 3639 costis

164 3677 202 3739 ad
241 3678 369 3736 canalem
408 3675 545 3750 spinalem
583 3689 612 3735 et
646 3674 800 3752 processus
834 3674 987 3749 spinosos,
1020 3687 1162 3748 utrosque

165 3771 337 3844 inferiores,
369 3769 581 3843 consideranti,
610 3787 669 3829 non
698 3771 792 3828 minus
823 3784 910 3845 atque
931 3770 961 3827 in
984 3767 1069 3828 Gado
1091 3783 1163 3826 con·

165 3871 301 3944 spicuum
331 3859 396 3938 est,
425 3867 526 3926 alteras
552 3865 588 3927 ab
615 3865 711 3924 alteris
740 3864 987 3937 formarumque
1007 3860 1161 3936 processus

166 3963 299 4039 spinosos
330 3961 482 4025 inferiores
513 3954 586 4026 ¹nihii
618 3960 679 4019 esse
711 3973 823 4034 praeter
852 3948 1042 4034 processuum
1074 3969 1161 4017 trans·

169 4057 318 4125 versorum
348 4067 378 4117 et
408 4066 555 4116 costamm
584 4051 796 4114 confluentium
827 4050 1085 4120 continuationem.
