2564 4710
313 659 554 738 CAPUT
618 659 931 739 PRIMUM.
1039 698 1043 703 ·

216 946 277 1002 uu
321 947 717 1003 ucuunvououuu
763 943 1025 1025 qunuunm.

569 1436 679 1529 §u

122 1698 146 1761 g
178 1669 214 1743 A
246 1669 426 1746 Medicina
460 1675 629 1773 originem
665 1674 800 1746 duxisse
832 1664 964 1747 viscera
995 1672 1123 1746 unima-

131 1785 213 1859 iium
244 1790 388 1863 rimandi
418 1812 546 1880 entem,
575 1792 858 1866 uii'tradidisset
888 1795 1051 1880 historie,
1077 1813 1123 1867 ex

130 1908 296 2000 praesenti
330 1913 433 1983 etiam
467 1933 579 1984 rerum
615 1911 817 1985 conditione
847 1910 1010 1984 affirmare
1038 1933 1126 1984 neu·

131 2025 260 2118 tiquam
284 2025 376 2100 foret
399 2027 551 2102 difficile.
593 2028 694 2128 Quae
717 2033 807 2102 enim
830 2033 939 2122 prima
959 2029 1017 2102 lex
1037 2030 1126 2100 sem·

130 2163 193 2235 per
225 2142 303 2216 fuit·
323 2165 427 2237 etque
457 2146 583 2240 religio
615 2147 753 2218 suorum
779 2144 974 2218 commodis
1000 2146 1141 2239 servire!

117 2281 210 2355 pree
246 2261 391 2349 alienis,
427 2247 487 2336 vix
522 2283 639 2356 potest
673 2262 947 2356 quin'medicos
980 2279 1129 2356 quoque

128 2381 370 2470 obstrinxerit,
393 2401 433 2456 ut
457 2379 500 2454 ad
523 2385 772 2479 aegrotantium
798 2365 960 2476 inprimis*
982 2380 1126 2456 sulutem
1184 2480 1187 2484 ‚

128 2498 184 2572 sua
213 2519 392 2575 uterentur
420 2501 598 2576 industria.
649 2501 735 2600 Quo
765 2501 897 2575 fectum
922 2495 1060 2587 est‚'ut
1083 2522 1127 2575 ea

119 2639 211 2713 qnae
242 2617 386 2712 reliquis
408 2620 533 2694 cultro
562 2623 751 2692 anatomica
778 2616 1029 2693 subiicerentur
1051 2619 1128 2694 uni·

120 2728 250 2822 malie,
281 2756 300 2807 u
331 2752 480 2831 quorum
513 2739 685 2845 corperis
703 2736 824 2808 habitu
854 2756 913 2809 aut
943 2739 1035 2810 vitae
1055 2748 1125 2834 ge·

127 2873 209 2926 nere
244 2853 514 2927 consentientem
547 2834 727 2948 quemdem
762 2853 844 2927 cum
875 2852 1026 2928 iubricae
1056 2854 1125 2929 ho·

121 2972 230 3044 minis
246 2975 411 3046 internae
442 2992 596 3045 normam
630 2973 820 3066 exspectari
852 2972 1038 3046 licerets
1103 2988 1105 2993 ·

175 3088 234 3163 Ex
270 3090 324 3165 his
359 3093 467 3189 igitur
499 3095 637 3190 agmen·
654 3091 781 3164 ducere
814 3094 973 3184 oportuit
1005 3089 1122 3165 Mum·

121 3207 248 3296 melia,
276 3226 297 3280 ιι
327 3206 515 3303 Simiisque
548 3210 684 3280 initium
717 3205 813 3294 fieri,-
842 3212 1028 3302 praeeunte
1054 3202 1123 3288 uui

123 3344 261 3424 magno⁴
281 3345 492 3400 ueneno.
542 3323 629 3396 Avis
660 3323 742 3396 hine
774 3324 853 3396 inde
884 3323 952 3398 fuit
982 3327 1120 3423 addimq

126 3440 286 3538 Reptiliu
317 3445 401 3518 huic
434 3444 495 3516 fini
528 3463 649 3537 purum
664 3435 835 3516 ”sufficere
866 3433 1122 3540 credebantur3

127 3559 248 3636 Pisces
270 3579 407 3649 autem,
431 3562 537 3633 vitam
563 3557 728 3658 degentes
745 3566 933 3654 ‘tantopere
948 3562 1120 3656 alienum

127 3684 350 3779 organisque
359 3683 520 3755 meteriis
545 3673 729 3753 instructos
752 3677 839 3752 adeo
864 3679 1025 3770 divetis,
1048 3704 1122 3755 tan·

128 3819 255 3892 quum
252 3800 399 3878 inutiles
428 3822 450 3876 u
475 3797 618 3877 medice
639 3798 789 3896 relinqui
814 3797 992 3892 debuisse,
1017 3799 1125 3877 facile

127 3917 354 4081 intelligetur.
446 3937 465 3972 ··
547 3953 555 3962 ·
1110 3954 1113 3960 ·

605 4033 641 4111 A
744 3984 747 3989 <
1033 4035 1122 4133 δα.
