2564 4710
232 365 302 458 tuo
456 338 567 414 Cur.
604 337 669 413 111.
706 336 885 412 Scorto
923 335 984 411 VI.
1013 374 1016 379 ·

640 535 662 626 s
717 554 799 607 121.

233 826 237 833 .
276 769 445 857 Fabrici,
473 769 570 843 hisce
592 770 616 862 §
637 770 659 862 §
682 769 877 863 descripta,
904 770 1044 862 propriu
1074 767 1217 862 potitii·

228 913 319 965 mum
343 913 396 962 est
425 891 591 962 uertebris
612 887 985 960 abdominnlibus
1007 889 1122 979 iisque
1141 907 1217 959 me·

226 1011 319 1097 diis,
342 1030 431 1103 quae
459 1008 610 1103 reliquae
643 1008 742 1096 sunt,
775 1008 819 1081 ab
851 1008 906 1080 his
927 1009 1035 1103 magis
1056 1008 1216 1079 minusve

227 1128 426 1205 deflectunt.
919 1130 922 1137 '

276 1243 524 1318 Abdominaies
550 1248 819 1331 anteriores,
844 1267 916 1338 qun
936 1245 1043 1339 magis
1064 1242 1109 1315 ud
1131 1244 1215 1317 thu·

227 1365 358 1439 recitas
389 1367 691 1457 appropinquant,
718 1364 861 1460 figuram
889 1365 1049 1455 eorporis
1068 1360 1217 1455 qutdra·

228 1502 296 1557 tum
326 1503 370 1554 eo
404 1484 511 1578 magis
544 1504 756 1555 commutant
787 1505 867 1554 cum
894 1480 1076 1575 superficie
1099 1482 1219 1553 circu·

226 1602 314 1686 lari,
339 1600 462 1672 leniter
487 1601 691 1695 spongiosa,
721 1599 907 1694 deperditis
931 1597 1117 1671 identidem
1146 1616 1216 1671 tru-

226 1718 362 1793 beculis
389 1738 469 1788 cum
493 1717 629 1804 foveis;
653 1737 796 1815 nugetur
819 1717 982 1789 diameter
1007 1714 1217 1800 transversa,

225 1840 392 1911 minuitur
415 1835 699 1933 longitudinum
733 1836 904 1931 planiores
935 1835 1084 1908 evadunt
1103 1832 1215 1905 faciet

226 1954 448 2042 articulares,
483 1975 520 2028 et
555 1976 711 2028 centrum
745 1956 896 2028 striarum
934 1950 1086 2028 elevatur
1111 1952 1219 2045 super

227 2097 383 2150 centrum
401 2076 504 2170 ipflus
527 2079 686 2169 corporis
708 2073 800 2170 (tab.
819 2075 882 2148 IX.
903 2077 962 2171 fig.
989 2070 1094 2166 ni).
1124 2071 1218 2143 Pro·

226 2197 343 2270 cessus
367 2195 490 2289 spinoii
515 2194 602 2266 iiunt
620 2195 819 2281 breviores,
845 2195 1011 2288 simulque
1037 2192 1220 2265 robustio-

228 2335 306 2399 res,
333 2311 537 2384 decrescunt
557 2333 678 2383 contra
710 2314 997 2399 transversi,
1022 2312 1068 2382 itu
1090 2329 1159 2392 ut,
1182 2310 1222 2379 in

228 2429 361 2501 duabus
382 2428 556 2520 prioribus
576 2428 742 2498 vertebris
760 2427 1053 2514 abdominalibus,
1078 2424 1220 2499 nulium

227 2550 294 2620 iam
326 2544 466 2637 supersit
500 2565 619 2616 eorum
654 2548 848 2641 vestigium.
899 2546 1075 2620 Costae
1099 2564 1217 2617 autem

227 2666 368 2738 latiores
398 2662 484 2735 fiunt
516 2682 551 2735 et
583 2663 783 2748 crassiores,
816 2666 851 2735 in
884 2664 982 2736 teriia
1014 2666 1216 2758 praesertim

228 2808 268 2856 ac
294 2781 460 2869 secunda,
484 2785 519 2853 in
542 2781 674 2854 duabus
704 2804 787 2855 vero
812 2786 1006 2877 prioribus,
1032 2785 1222 2859 deficiente

229 2905 295 2974 iarn
329 2901 491 2993 processu
526 2903 736 2986 transverso,
781 2905 990 2995 proveniunt
1025 2925 1070 2977 ex
1109 2902 1221 2996 ipfius

230 3021 389 3112 corporis
424 3019 576 3113 margine
611 3039 801 3111 postremo.

643 3191 688 3290 i'
721 3221 801 3272 ιω.

125 3391 189 3466 rig.
279 3372 357 3448 Hic·
379 3374 577 3471 progressus
608 3376 828 3448 continuatur
859 3379 894 3447 in
924 3375 1092 3456 vertebris
1127 3397 1223 3467 quo·

109 3491 217 3553 liili.
230 3517 298 3589 que
320 3497 410 3567 binis
441 3495 711 3576 thoracicis,
730 3516 749 3563 a
769 3493 910 3585 reliquis
929 3497 964 3565 in
985 3516 1028 3565 co
1051 3494 1219 3581 diverfis,

230 3615 326 3708 quod
355 3633 487 3706 praeter
514 3610 693 3703 processus
722 3617 948 3698 transversos,
975 3615 1137 3684 costis
1166 3634 1222 3684 et·

229 3735 296 3808 ium
329 3731 429 3826 plane
461 3730 690 3803 destituuntur
718 3727 795 3827 (*).
856 3729 1039 3804 Processus
1073 3730 1221 3831 insuper

1149 3850 1223 3941 spi·

268 4010 325 4090 (*)
363 4008 519 4074 Chrrtciet
540 4007 607 4067 hic
631 4007 825 4068 vertebrarum
845 4010 1054 4082 thoracicarum
1074 4011 1226 4073 hactenus

1166 4119 1222 4165 nr·
