2564 4710
188 352 261 447 158
385 347 522 427 ,Cam
559 336 623 424 ΙΙΙ.
661 337 840 442 sacam
871 334 955 428 Vlia

181 543 353 653 quoddam
384 547 550 623 aereum?
600 550 728 626 Neutri
762 567 846 626 vero
875 553 994 626 harum
1019 549 1177 624 functio·

43 657 47 664 ’
136 694 139 702 ·
180 688 266 737 num
296 687 396 760 aptus
421 672 493 741 esse
525 690 643 765 potest
671 673 730 746 hic
759 673 941 768 processus
966 674 1002 743 ia
1026 694 1074 743 ae
1084 671 1179 769 gle-

181 784 304 858 fino.
584 805 586 811 ·

231 907 327 980 Idem
360 930 583 984 warnaeus
610 915 784 1005 sequentia
810 911 915 984 habet
940 909 983 983 de
1006 907 1182 1008 'organo'

179 1025 489 1120 glandulosae
541 1029 738 1115 „Ductrrnt
772 1033 1053 1122 pneumaticum,
1091 1024 1180 1101 vesr'·

180 1166 256 1219 carn
294 1150 492 1218 natatoriam
529 1170 607 1220 cum
646 1150 847 1246 oesophago
882 1152 1179 1245 commagenam,

181 1250 253 1335 notr'
282 1266 398 1335 inveni
431 1265 489 1358 (in
519 1260 680 1339 Cabitide
703 1264 857 1362 sosssle).
910 1265 1037 1340 Nihilo
1064 1268 1182 1340 secius

182 1400 294 1453 tamen
327 1372 437 1457 vefica
471 1388 679 1478 corporibus
711 1375 919 1483 glandularia
947 1386 1180 1474 rubentibus,

182 1502 311 1593 quibas
344 1523 465 1599 omnes
490 1507 604 1597 pisces
635 1504 742 1575 ductat
773 1484 994 1598 pnettmstico
1020 1504 1182 1576 destituti

182 1620 337 1691 instructi
369 1622 469 1706 sant,
505 1621 654 1694 caret.'''
697 1622 746 1696 Et
778 1623 821 1694 de
858 1618 1001 1718 Sparot
1044 1622 1184 1708 „Inter

109 1730 111 1737 ⁴
181 1757 363 1829 utramque
398 1741 547 1810 tunicam
579 1739 677 1832 plura
693 1742 696 1753 '
712 1761 861 1832 corpora
886 1738 1044 1823 tabella,
1077 1741 1180 1836 gian-

183 1857 328 1946 daiosa‚
360 1859 617 1946 vermiformia‚
651 1863 891 1953 reperiuntur,
928 1861 1056 1952 quibus
1091 1861 1183 1932 itaet:

182 1964 390 2072 pleramque
425 1980 553 2052 utilitas
587 1978 813 2078 adscribat-m
849 1998 888 2051 ut
922 1983 1034 2051 aerem
1060 1997 1080 2050 e
1108 1983 1184 2053 san-

183 2099 287 2192 guine
317 2095 516 2179 secemant,‘
557 2097 696 2169 Similes
725 2100 816 2168 enim
841 2097 1022 2194 glandulae
1044 2100 1081 2169 in
1105 2121 1187 2169 ont·

183 2197 286 2287 nibus
319 2220 500 2309 piscibus,
537 2239 685 2310 quorum
722 2213 831 2288 vefica
870 2220 1035 2288 natatoria
1071 2217 1189 2288 ductat

185 2337 408 2424 pneumatico
430 2354 547 2419 caret,
579 2337 822 2420 inveniuntur3
854 2350 933 2405 cum
959 2346 1079 2406 contra
1105 2335 1188 2406 om*

185 2454 407 2542 aestimem,
434 2455 494 2542 qui
520 2450 625 2522 ductu
656 2455 878 2542 pneumatico
906 2451 1060 2524 instructi
1085 2453 1186 2538 sunt,

188 2565 373 2665 Angustia
388 2568 554 2660 excepti,
569 2566 740 2663 glandulis
758 2562 885 2638 vestrae
907 2589 1052 2641 careant.
1079 2569 1188 2643 Duc·

186 2707 243 2759 tus
264 2687 525 2784 pneumaticas,
553 2679 696 2759 vesicam
723 2706 802 2758 cum
830 2686 989 2761 faucibus
1012 2707 1071 2760 aut
1098 2710 1187 2759 ven·

188 2804 316 2877 tricuio
348 2809 583 2898 coniungens,
608 2826 677 2876 non
701 2803 808 2875 adest.
859 2803 900 2876 In
926 2806 1068 2876 mediam
1097 2828 1187 2876 vero

186 2942 319 3017 partem
353 2925 577 2994 extremitatis
605 2921 794 3012 superioris,
815 2920 885 2991 duo
917 2921 1014 3006 vasa,
1050 2923 1189 2994 vesicae

189 3034 356 3135 propria,
397 3039 625 3132 adcorpora
660 3037 860 3135 glandulosa
890 3039 1094 3126 distributa,
1131 3045 1192 3112 in·

135 3243 136 3247 Ἴ
190 3162 314 3236 trant’'
334 3162 354 3260 (
378 3162 413 3258 ).

1026 3356 1028 3362 k
1082 3280 1193 3380 Quae

231 3557 287 3636 (*)
326 3558 361 3620 A
389 3579 415 3619 c.
432 3550 503 3635 pag.
525 3559 565 3632 64
586 3568 615 3617 et
635 3573 685 3635 71.
725 3557 862 3619 Eandem
884 3557 1114 3620 observationem
1137 3576 1193 3634 ge·
1223 3580 1225 3584 ⁴

192 3656 316 3714 natalem
340 3654 501 3712 invenimus
523 3652 599 3725 apud
622 3669 653 3711 o.
675 3671 706 3712 n.
727 3667 756 3711 et
778 3671 807 3713 a.
830 3658 1190 3726 mammarium,

193 3746 370 3826 Vermisclrte
397 3744 525 3822 Schrifte
552 3745 766 3819 anatomisclren
794 3747 855 3807 und
878 3743 1109 3826 playfiologifchen
1138 3747 1193 3806 Irr-

193 3833 282 3902 haltsss
322 3842 468 3909 Bremae,
499 3841 582 3903 1818.
610 3849 660 3914 40.
690 3850 759 3900 tom.
781 3842 824 3900 II.
847 3827 947 3917 partess
968 3842 1010 3901 II.
1032 3855 1105 3918 pag.
1131 3845 1190 3904 162

193 3949 223 3996 et
254 3939 318 4012 167.
359 3937 393 3993 In
418 3936 478 3993 hoc
505 3935 602 4004 libra,
624 3947 735 4007 praeter
756 3937 873 3995 brevem
895 3935 1008 3995 vesrcae
1028 3936 1192 3996 natatoriae

192 4033 342 4110 historiam
375 4047 442 4089 cum
471 4029 566 4089 citatis
595 4031 784 4104 auctoribus,
815 4044 871 4090 tres
899 4031 969 4091 huic
999 4048 1109 4106 organo
1139 4034 1192 4090 tri-

1134 4125 1193 4187 bu-

741 4210 767 4270 t,
790 4261 795 4270 .
