2564 4710
203 384 272 464 132
430 364 541 438 Can.
574 360 640 435 111.
676 362 857 437 Srcrro
890 363 955 439 Vi.

198 565 277 649 nis,
309 561 494 638 sustinetur
525 561 674 647 thomar
700 577 884 653 partesque
910 560 1024 633 trunci
1056 579 1199 654 postre-

198 703 271 754 mas
291 677 390 752 fimul
411 676 562 752 fulciunt
583 680 707 769 pinnae
734 675 973 750 ventrales
996 675 1041 767 (S
1071 676 1197 770 arm).

200 798 379 870 Auxilium
422 797 487 869 hae
528 812 670 889 quoque
703 814 873 887 praestant
904 797 941 867 in
972 794 1197 869 adscenfione

200 913 409 988 horizonrali
437 935 479 985 ac
508 933 607 984 motu
630 911 914 1009 renogrediente.
964 911 1005 986 In
1028 935 1197 1012 progres-

202 1033 295 1106 flone
325 1032 403 1103 sunt
433 1024 591 1124 paruae.
961 1009 969 1026 ’

206 1189 216 1195 -
251 1148 335 1222 Sola
367 1148 534 1244 gravitate
564 1142 719 1216 desudens
746 1146 855 1239 piscis
886 1147 1008 1239 pinnas
1029 1154 1197 1222 extremi·
1262 1195 1265 1198 «

201 1285 308 1339 tatum
341 1265 385 1336 ad
417 1267 553 1357 corpur
575 1283 737 1336 retractas
768 1283 872 1336 tenet.
925 1264 986 1336 Sin
1018 1288 1105 1340 vero
1132 1291 1198 1343 ce·

200 1384 307 1458 letius
337 1387 373 1456 in
402 1362 614 1475 profundum
646 1385 837 1480 inmergere
867 1383 1045 1475 voluerit,
1075 1390 1197 1483 capite

200 1525 316 1601 prono
347 1504 491 1579 modam
523 1521 653 1577 movet.

616 1744 641 1837 δ
696 1761 778 1839 ¹3¹·

249 1975 378 2053 Pinnae
399 1976 604 2059 dorsales
628 1993 732 2084 atque
753 1979 901 2052 unales
923 1973 969 2075 (ς
984 1970 1199 2078 194ρᾳ4.)

199 2095 244 2173 ad
273 2097 348 2171 loci
377 2099 599 2172 mutationem
620 2101 681 2170 vix
705 2098 903 2172 conducere
925 2080 1107 2186 ridentur,
1131 2097 1197 2172 seu

200 2217 412 2308 potissimum
440 2214 631 2309 impedire,
655 2237 729 2307 quo
758 2220 870 2288 minus
898 2219 970 2301 ictu
1001 2216 1129 2289 caudae
1156 2220 1198 2291 in

198 2330 289 2405 latus
309 2335 459 2426 proiecti
484 2336 644 2426 corporis
667 2333 910 2425 aequilibrium
934 2333 1124 2407 turbetur.-

249 2446 335 2519 Prae
364 2447 441 2519 aliis
471 2450 533 2518 hae
564 2453 688 2541 pinnae
714 2451 846 2544 semper
868 2450 1001 2522 suntin
1023 2450 1108 2524 stetu
1129 2468 1197 2541 ex·

35 2650 40 2657 ‚
199 2565 385 2653 tenfionis,
417 2585 593 2659 excepto,
632 2566 695 2638 ubi
726 2570 762 2638 in
795 2565 905 2639 fundo
937 2567 1022 2639 vafis
1058 2589 1196 2665 corpur

201 2689 381 2780 quiescat·
516 2783 518 2788 Ι
867 2754 870 2762 .

248 2797 326 2874 Hae
362 2799 647 2889 observationem
677 2803 713 2874 in
747 2798 824 2875 solo
855 2800 923 2894 Cy
934 2805 1196 2898 prinorum

199 2938 326 3018 genere
356 2918 488 3003 metae,
523 2940 657 2992 motum
691 2917 930 2992 tantummodo
953 2919 1107 2992 indicant
1133 2937 1198 2997 na·

200 3038 363 3110 atomum
392 3033 670 3131 generalem,
694 3034 814 3128 aliquo
843 3036 921 3109 saue
949 3036 1058 3110 modo
1079 3057 1210 3122 mrrra·⁸

200 3172 269 3226 tam
293 3174 360 3248 pro
388 3173 599 3249 organorum
630 3151 830 3246 volumine,
862 3157 1008 3233 numero
1029 3176 1073 3232 uc
1095 3159 1198 3255 pou·

200 3276 298 3349 tione
320 3271 463 3348 diversa.
