<?xml version="1.0" encoding="UTF-8"?>
<!DOCTYPE html PUBLIC "-//W3C//DTD XHTML 1.0 Transitional//EN"
    "http://www.w3.org/TR/xhtml1/DTD/xhtml1-transitional.dtd">
<html xmlns="http://www.w3.org/1999/xhtml" xml:lang="en" lang="en">
 <head>
  <title>
</title>
<meta http-equiv="Content-Type" content="text/html;charset=utf-8" />
  <meta name='ocr-system' content='tesseract 3.04.00' />
  <meta name='ocr-capabilities' content='ocr_page ocr_carea ocr_par ocr_line ocrx_word'/>
</head>
<body>
  <div class='ocr_page' id='page_1' title='image "./osteographiapis00bakkgoog_0045.png"; bbox 0 0 2564 4710; ppageno 0'>
   <div class='ocr_carea' id='block_1_1' title="bbox 233 367 1042 671">
    <p class='ocr_par' dir='ltr' id='par_1_1' title="bbox 233 367 1042 671">
     <span class='ocr_line' id='line_1_1' title="bbox 233 367 1042 465; baseline 0.001 -23"><span class='ocrx_word' id='word_1_1' title='bbox 233 390 277 443; x_wconf 79' lang='lat' dir='ltr'>aa</span> <span class='ocrx_word' id='word_1_2' title='bbox 375 367 484 443; x_wconf 76' lang='lat' dir='ltr'>Cea.</span> <span class='ocrx_word' id='word_1_3' title='bbox 515 367 581 465; x_wconf 43' lang='grc' dir='ltr'><strong>ΙΙ..</strong></span> <span class='ocrx_word' id='word_1_4' title='bbox 614 390 810 445; x_wconf 79' lang='lat' dir='ltr'>soaaaat</span> <span class='ocrx_word' id='word_1_5' title='bbox 847 389 1042 444; x_wconf 80' lang='lat' dir='ltr'>arserunt</span> 
     </span>
     <span class='ocr_line' id='line_1_2' title="bbox 652 563 787 671; baseline -0.007 -33"><span class='ocrx_word' id='word_1_6' title='bbox 652 563 674 671; x_wconf 72' lang='grc'>5</span> <span class='ocrx_word' id='word_1_7' title='bbox 731 584 787 638; x_wconf 91' lang='grc' dir='ltr'>ιι.</span> 
     </span>
    </p>
   </div>
   <div class='ocr_carea' id='block_1_2' title="bbox 130 799 1271 3022">
    <p class='ocr_par' dir='ltr' id='par_1_2' title="bbox 130 799 1271 3022">
     <span class='ocr_line' id='line_1_3' title="bbox 271 799 1214 897; baseline 0.006 -26"><span class='ocrx_word' id='word_1_8' title='bbox 271 799 330 871; x_wconf 83' lang='lat' dir='ltr'>Era</span> <span class='ocrx_word' id='word_1_9' title='bbox 355 799 419 872; x_wconf 89' lang='lat' dir='ltr'>hac</span> <span class='ocrx_word' id='word_1_10' title='bbox 444 800 682 873; x_wconf 88' lang='lat' dir='ltr'>observatione</span> <span class='ocrx_word' id='word_1_11' title='bbox 707 800 1027 887; x_wconf 85' lang='lat' dir='ltr'>elucerevidetur,</span> <span class='ocrx_word' id='word_1_12' title='bbox 1053 807 1214 897; x_wconf 75' lang='lat' dir='ltr'>corporis</span> 
     </span>
     <span class='ocr_line' id='line_1_4' title="bbox 223 919 1216 1017; baseline 0.005 -28"><span class='ocrx_word' id='word_1_13' title='bbox 223 919 377 995; x_wconf 87' lang='lat' dir='ltr'>habitum</span> <span class='ocrx_word' id='word_1_14' title='bbox 418 923 635 1007; x_wconf 86' lang='lat' dir='ltr'>universum,</span> <span class='ocrx_word' id='word_1_15' title='bbox 679 942 781 1014; x_wconf 88' lang='lat' dir='ltr'>quem</span> <span class='ocrx_word' id='word_1_16' title='bbox 824 925 863 999; x_wconf 90' lang='lat' dir='ltr'>in</span> <span class='ocrx_word' id='word_1_17' title='bbox 906 942 1014 1017; x_wconf 87' lang='lat' dir='ltr'>regno</span> <span class='ocrx_word' id='word_1_18' title='bbox 1047 922 1216 1011; x_wconf 87' lang='lat' dir='ltr'>animale,</span> 
     </span>
     <span class='ocr_line' id='line_1_5' title="bbox 220 1037 1212 1131; baseline 0.003 -23"><span class='ocrx_word' id='word_1_19' title='bbox 220 1041 305 1130; x_wconf 85' lang='lat' dir='ltr'>quin</span> <span class='ocrx_word' id='word_1_20' title='bbox 350 1041 450 1110; x_wconf 89' lang='lat' dir='ltr'>etiam</span> <span class='ocrx_word' id='word_1_21' title='bbox 496 1043 531 1110; x_wconf 90' lang='lat' dir='ltr'>in</span> <span class='ocrx_word' id='word_1_22' title='bbox 573 1037 654 1112; x_wconf 90' lang='lat' dir='ltr'>solis</span> <span class='ocrx_word' id='word_1_23' title='bbox 689 1039 868 1131; x_wconf 83' lang='lat' dir='ltr'>piscibus,</span> <span class='ocrx_word' id='word_1_24' title='bbox 901 1042 1091 1111; x_wconf 82' lang='lat' dir='ltr'><strong>invenimus</strong></span> <span class='ocrx_word' id='word_1_25' title='bbox 1123 1039 1212 1111; x_wconf 86' lang='lat' dir='ltr'>adeo</span> 
     </span>
     <span class='ocr_line' id='line_1_6' title="bbox 219 1155 1217 1253; baseline 0 -26"><span class='ocrx_word' id='word_1_26' title='bbox 219 1159 373 1240; x_wconf 85' lang='lat' dir='ltr'>vatium,</span> <span class='ocrx_word' id='word_1_27' title='bbox 402 1175 442 1227; x_wconf 91' lang='lat' dir='ltr'>ut</span> <span class='ocrx_word' id='word_1_28' title='bbox 470 1155 709 1228; x_wconf 84' lang='lat' dir='ltr'>fecundissima</span> <span class='ocrx_word' id='word_1_29' title='bbox 731 1160 973 1253; x_wconf 81' lang='lat' dir='ltr'>imaginatione</span> <span class='ocrx_word' id='word_1_30' title='bbox 991 1160 1055 1229; x_wconf 82' lang='lat' dir='ltr'>viat</span> <span class='ocrx_word' id='word_1_31' title='bbox 1077 1157 1217 1248; x_wconf 85' lang='lat' dir='ltr'>aliquid-</span> 
     </span>
     <span class='ocr_line' id='line_1_7' title="bbox 219 1271 1210 1365; baseline 0.003 -24"><span class='ocrx_word' id='word_1_32' title='bbox 219 1271 297 1341; x_wconf 87' lang='lat' dir='ltr'>addi</span> <span class='ocrx_word' id='word_1_33' title='bbox 343 1274 444 1365; x_wconf 89' lang='lat' dir='ltr'>posse</span> <span class='ocrx_word' id='word_1_34' title='bbox 487 1275 664 1362; x_wconf 87' lang='lat' dir='ltr'>videatur,</span> <span class='ocrx_word' id='word_1_35' title='bbox 707 1297 780 1347; x_wconf 92' lang='lat' dir='ltr'>non</span> <span class='ocrx_word' id='word_1_36' title='bbox 815 1275 886 1345; x_wconf 86' lang='lat' dir='ltr'>esse</span> <span class='ocrx_word' id='word_1_37' title='bbox 924 1294 1069 1365; x_wconf 90' lang='lat' dir='ltr'>propter</span> <span class='ocrx_word' id='word_1_38' title='bbox 1104 1273 1210 1345; x_wconf 88' lang='lat' dir='ltr'>solam</span> 
     </span>
     <span class='ocr_line' id='line_1_8' title="bbox 218 1388 1214 1484; baseline 0 -22"><span class='ocrx_word' id='word_1_39' title='bbox 218 1388 530 1463; x_wconf 69' lang='lat' dir='ltr'>utilitatem</span> <span class='ocrx_word' id='word_1_40' title='bbox 559 1397 685 1464; x_wconf 87' lang='lat' dir='ltr'>etenim</span> <span class='ocrx_word' id='word_1_41' title='bbox 719 1415 785 1484; x_wconf 92' lang='lat' dir='ltr'>pro</span> <span class='ocrx_word' id='word_1_42' title='bbox 812 1393 971 1483; x_wconf 87' lang='lat' dir='ltr'>corporis</span> <span class='ocrx_word' id='word_1_43' title='bbox 995 1411 1117 1474; x_wconf 90' lang='lat' dir='ltr'>motu,</span> <span class='ocrx_word' id='word_1_44' title='bbox 1143 1412 1214 1482; x_wconf 89' lang='lat' dir='ltr'>pro</span> 
     </span>
     <span class='ocr_line' id='line_1_9' title="bbox 218 1505 1212 1602; baseline 0 -25"><span class='ocrx_word' id='word_1_45' title='bbox 218 1507 430 1595; x_wconf 80' lang='lat' dir='ltr'>nutritione,</span> <span class='ocrx_word' id='word_1_46' title='bbox 464 1529 621 1601; x_wconf 82' lang='lat' dir='ltr'>quaeque</span> <span class='ocrx_word' id='word_1_47' title='bbox 654 1507 806 1602; x_wconf 78' lang='lat' dir='ltr'>reliquae</span> <span class='ocrx_word' id='word_1_48' title='bbox 839 1508 914 1597; x_wconf 85' lang='lat' dir='ltr'>sont</span> <span class='ocrx_word' id='word_1_49' title='bbox 947 1505 1142 1576; x_wconf 88' lang='lat' dir='ltr'>animalium</span> <span class='ocrx_word' id='word_1_50' title='bbox 1176 1529 1212 1577; x_wconf 85' lang='lat' dir='ltr'>a·</span> 
     </span>
     <span class='ocr_line' id='line_1_10' title="bbox 220 1608 1213 1717; baseline 0.003 -23"><span class='ocrx_word' id='word_1_51' title='bbox 220 1623 401 1717; x_wconf 88' lang='lat' dir='ltr'>quatilium</span> <span class='ocrx_word' id='word_1_52' title='bbox 438 1624 658 1711; x_wconf 88' lang='lat' dir='ltr'>functiones,</span> <span class='ocrx_word' id='word_1_53' title='bbox 694 1626 861 1699; x_wconf 88' lang='lat' dir='ltr'>sufficiens</span> <span class='ocrx_word' id='word_1_54' title='bbox 887 1624 1005 1697; x_wconf 87' lang='lat' dir='ltr'>fuisset</span> <span class='ocrx_word' id='word_1_55' title='bbox 1028 1608 1213 1716; x_wconf 83' lang='lat' dir='ltr'>parumper</span> 
     </span>
     <span class='ocr_line' id='line_1_11' title="bbox 218 1726 1211 1837; baseline 0.002 -25"><span class='ocrx_word' id='word_1_56' title='bbox 218 1739 456 1835; x_wconf 84' lang='lat' dir='ltr'>tantummodo</span> <span class='ocrx_word' id='word_1_57' title='bbox 494 1762 620 1821; x_wconf 86' lang='lat' dir='ltr'>mutata</span> <span class='ocrx_word' id='word_1_58' title='bbox 653 1746 812 1837; x_wconf 89' lang='lat' dir='ltr'>corporis</span> <span class='ocrx_word' id='word_1_59' title='bbox 844 1726 956 1833; x_wconf 84' lang='lat' dir='ltr'>forma</span> <span class='ocrx_word' id='word_1_60' title='bbox 982 1763 1211 1836; x_wconf 83' lang='lat' dir='ltr'>organorum·</span> 
     </span>
     <span class='ocr_line' id='line_1_12' title="bbox 218 1858 1213 1965; baseline 0.002 -34"><span class='ocrx_word' id='word_1_61' title='bbox 218 1880 287 1954; x_wconf 82' lang='lat' dir='ltr'>que</span> <span class='ocrx_word' id='word_1_62' title='bbox 321 1858 525 1952; x_wconf 71' lang='lat' dir='ltr'>dispositiot</span> <span class='ocrx_word' id='word_1_63' title='bbox 562 1863 623 1942; x_wconf 83' lang='lat' dir='ltr'>nist</span> <span class='ocrx_word' id='word_1_64' title='bbox 658 1862 808 1944; x_wconf 72' lang='lat' dir='ltr'>summus</span> <span class='ocrx_word' id='word_1_65' title='bbox 832 1859 1119 1965; x_wconf 51' lang='lat' dir='ltr'>,remmCreator</span> <span class='ocrx_word' id='word_1_66' title='bbox 1144 1882 1213 1952; x_wconf 51' lang='lat' dir='ltr'>opp.</span> 
     </span>
     <span class='ocr_line' id='line_1_13' title="bbox 217 1978 1212 2083; baseline -0.003 -31"><span class='ocrx_word' id='word_1_67' title='bbox 217 1985 420 2073; x_wconf 85' lang='lat' dir='ltr'>portunitati</span> <span class='ocrx_word' id='word_1_68' title='bbox 457 1986 529 2075; x_wconf 72' lang='lat' dir='ltr'>vita¹</span> <span class='ocrx_word' id='word_1_69' title='bbox 559 1984 616 2055; x_wconf 90' lang='lat' dir='ltr'>sua</span> <span class='ocrx_word' id='word_1_70' title='bbox 651 1982 811 2083; x_wconf 82' lang='lat' dir='ltr'>fruendi,</span> <span class='ocrx_word' id='word_1_71' title='bbox 847 2005 915 2075; x_wconf 90' lang='lat' dir='ltr'>qua</span> <span class='ocrx_word' id='word_1_72' title='bbox 947 1980 1072 2078; x_wconf 85' lang='lat' dir='ltr'>gaudet</span> <span class='ocrx_word' id='word_1_73' title='bbox 1107 1978 1212 2073; x_wconf 88' lang='lat' dir='ltr'>quid·</span> 
     </span>
     <span class='ocr_line' id='line_1_14' title="bbox 217 2097 1208 2201; baseline -0.001 -32"><span class='ocrx_word' id='word_1_74' title='bbox 217 2099 302 2197; x_wconf 87' lang='lat' dir='ltr'>quid</span> <span class='ocrx_word' id='word_1_75' title='bbox 332 2102 417 2189; x_wconf 89' lang='lat' dir='ltr'>vivit</span> <span class='ocrx_word' id='word_1_76' title='bbox 447 2121 486 2194; x_wconf 78' lang='lat' dir='ltr'>ac</span> <span class='ocrx_word' id='word_1_77' title='bbox 520 2099 641 2196; x_wconf 78' lang='lat' dir='ltr'>sentit,</span> <span class='ocrx_word' id='word_1_78' title='bbox 673 2121 693 2189; x_wconf 77' lang='lat' dir='ltr'>e</span> <span class='ocrx_word' id='word_1_79' title='bbox 726 2099 994 2201; x_wconf 83' lang='lat' dir='ltr'>locupletissrma</span> <span class='ocrx_word' id='word_1_80' title='bbox 1026 2097 1082 2168; x_wconf 88' lang='lat' dir='ltr'>sua</span> <span class='ocrx_word' id='word_1_81' title='bbox 1117 2119 1208 2189; x_wconf 90' lang='lat' dir='ltr'>opu·</span> 
     </span>
     <span class='ocr_line' id='line_1_15' title="bbox 146 2214 1271 2313; baseline 0 -27"><span class='ocrx_word' id='word_1_82' title='bbox 146 2248 158 2263; x_wconf 92' lang='lat'><strong>·</strong></span> <span class='ocrx_word' id='word_1_83' title='bbox 217 2214 323 2287; x_wconf 88' lang='lat' dir='ltr'>lentia</span> <span class='ocrx_word' id='word_1_84' title='bbox 352 2214 474 2287; x_wconf 87' lang='lat' dir='ltr'>addere</span> <span class='ocrx_word' id='word_1_85' title='bbox 507 2216 671 2289; x_wconf 91' lang='lat' dir='ltr'>voluisset</span> <span class='ocrx_word' id='word_1_86' title='bbox 700 2218 872 2313; x_wconf 79' lang='lat' dir='ltr'>egregiam</span> <span class='ocrx_word' id='word_1_87' title='bbox 899 2218 1010 2301; x_wconf 82' lang='lat' dir='ltr'>hanc,</span> <span class='ocrx_word' id='word_1_88' title='bbox 1033 2215 1213 2310; x_wconf 89' lang='lat' dir='ltr'>vegetabi·</span> <span class='ocrx_word' id='word_1_89' title='bbox 1265 2244 1271 2255; x_wconf 92' lang='lat'><strong>·</strong></span> 
     </span>
     <span class='ocr_line' id='line_1_16' title="bbox 216 2332 1209 2430; baseline -0.003 -26"><span class='ocrx_word' id='word_1_90' title='bbox 216 2332 329 2415; x_wconf 75' lang='lat' dir='ltr'>libus¹</span> <span class='ocrx_word' id='word_1_91' title='bbox 354 2356 496 2426; x_wconf 85' lang='lat' dir='ltr'>quoque</span> <span class='ocrx_word' id='word_1_92' title='bbox 540 2357 611 2405; x_wconf 92' lang='lat' dir='ltr'>non</span> <span class='ocrx_word' id='word_1_93' title='bbox 647 2335 845 2430; x_wconf 85' lang='lat' dir='ltr'>denegatam</span> <span class='ocrx_word' id='word_1_94' title='bbox 878 2333 1088 2418; x_wconf 82' lang='lat' dir='ltr'>formarum,</span> <span class='ocrx_word' id='word_1_95' title='bbox 1120 2334 1209 2422; x_wconf 84' lang='lat' dir='ltr'>quin</span> 
     </span>
     <span class='ocr_line' id='line_1_17' title="bbox 216 2448 1209 2533; baseline -0.001 -14"><span class='ocrx_word' id='word_1_96' title='bbox 216 2469 252 2520; x_wconf 92' lang='lat' dir='ltr'>et</span> <span class='ocrx_word' id='word_1_97' title='bbox 296 2449 456 2519; x_wconf 87' lang='lat' dir='ltr'>colorum</span> <span class='ocrx_word' id='word_1_98' title='bbox 502 2451 749 2533; x_wconf 87' lang='lat' dir='ltr'>diverfitatem,</span> <span class='ocrx_word' id='word_1_99' title='bbox 797 2448 1046 2520; x_wconf 88' lang='lat' dir='ltr'>subordinatam</span> <span class='ocrx_word' id='word_1_100' title='bbox 1095 2466 1209 2533; x_wconf 84' lang='lat' dir='ltr'>tamen</span> 
     </span>
     <span class='ocr_line' id='line_1_18' title="bbox 217 2562 1208 2656; baseline -0.001 -19"><span class='ocrx_word' id='word_1_101' title='bbox 217 2566 350 2655; x_wconf 87' lang='lat' dir='ltr'>semper</span> <span class='ocrx_word' id='word_1_102' title='bbox 372 2565 709 2655; x_wconf 72' lang='lat' dir='ltr'>incomprehensibili</span> <span class='ocrx_word' id='word_1_103' title='bbox 733 2562 784 2648; x_wconf 86' lang='lat' dir='ltr'>illi</span> <span class='ocrx_word' id='word_1_104' title='bbox 807 2563 1033 2654; x_wconf 75' lang='lat' dir='ltr'>simplicitati,</span> <span class='ocrx_word' id='word_1_105' title='bbox 1053 2587 1120 2656; x_wconf 88' lang='lat' dir='ltr'>qua</span> <span class='ocrx_word' id='word_1_106' title='bbox 1139 2567 1208 2636; x_wconf 88' lang='lat' dir='ltr'>oh·</span> 
     </span>
     <span class='ocr_line' id='line_1_19' title="bbox 218 2679 1208 2775; baseline -0.001 -21"><span class='ocrx_word' id='word_1_107' title='bbox 218 2683 387 2769; x_wconf 84' lang='lat' dir='ltr'>lectatur,</span> <span class='ocrx_word' id='word_1_108' title='bbox 421 2704 522 2775; x_wconf 90' lang='lat' dir='ltr'>quam</span> <span class='ocrx_word' id='word_1_109' title='bbox 558 2685 696 2753; x_wconf 88' lang='lat' dir='ltr'>miratur</span> <span class='ocrx_word' id='word_1_110' title='bbox 726 2679 848 2752; x_wconf 86' lang='lat' dir='ltr'>animal</span> <span class='ocrx_word' id='word_1_111' title='bbox 873 2681 1060 2767; x_wconf 82' lang='lat' dir='ltr'>rationale,</span> <span class='ocrx_word' id='word_1_112' title='bbox 1088 2704 1208 2773; x_wconf 88' lang='lat' dir='ltr'>quam·</span> 
     </span>
     <span class='ocr_line' id='line_1_20' title="bbox 218 2799 1208 2903; baseline 0.001 -30"><span class='ocrx_word' id='word_1_113' title='bbox 218 2826 286 2899; x_wconf 91' lang='lat' dir='ltr'>que</span> <span class='ocrx_word' id='word_1_114' title='bbox 325 2802 454 2874; x_wconf 84' lang='lat' dir='ltr'>artibt&#39;ts</span> <span class='ocrx_word' id='word_1_115' title='bbox 488 2803 554 2873; x_wconf 91' lang='lat' dir='ltr'>suis</span> <span class='ocrx_word' id='word_1_116' title='bbox 590 2804 720 2899; x_wconf 82' lang='lat' dir='ltr'>imitare</span> <span class='ocrx_word' id='word_1_117' title='bbox 759 2799 924 2903; x_wconf 84' lang='lat' dir='ltr'>molitur,</span> <span class='ocrx_word' id='word_1_118' title='bbox 957 2799 1076 2888; x_wconf 76' lang='lat' dir='ltr'>divino</span> <span class='ocrx_word' id='word_1_119' title='bbox 1112 2799 1208 2894; x_wconf 81' lang='lat' dir='ltr'>quali</span> 
     </span>
     <span class='ocr_line' id='line_1_21' title="bbox 130 2908 1138 3022; baseline -0.006 -27"><span class='ocrx_word' id='word_1_120' title='bbox 130 3012 133 3022; x_wconf 30' lang='grc' dir='ltr'>Ι</span> <span class='ocrx_word' id='word_1_121' title='bbox 217 2927 285 2995; x_wconf 90' lang='lat' dir='ltr'>isto</span> <span class='ocrx_word' id='word_1_122' title='bbox 318 2923 436 3015; x_wconf 83' lang='lat' dir='ltr'>spirito</span> <span class='ocrx_word' id='word_1_123' title='bbox 471 2920 645 3014; x_wconf 79' lang='lat' dir='ltr'>adflatum,</span> <span class='ocrx_word' id='word_1_124' title='bbox 1130 2908 1138 2914; x_wconf 69' lang='grc'><strong>’</strong></span> 
     </span>
    </p>
   </div>
   <div class='ocr_carea' id='block_1_3' title="bbox 646 3160 780 3251">
    <p class='ocr_par' dir='ltr' id='par_1_3' title="bbox 646 3160 780 3251">
     <span class='ocr_line' id='line_1_22' title="bbox 646 3160 780 3251; baseline -0.03 0"><span class='ocrx_word' id='word_1_125' title='bbox 646 3160 668 3251; x_wconf 75' lang='lat' dir='ltr'>s</span> <span class='ocrx_word' id='word_1_126' title='bbox 725 3179 780 3247; x_wconf 53' lang='grc' dir='ltr'>ιιι</span> 
     </span>
    </p>
   </div>
   <div class='ocr_carea' id='block_1_4' title="bbox 204 3390 1211 3968">
    <p class='ocr_par' dir='ltr' id='par_1_4' title="bbox 204 3390 1211 3968">
     <span class='ocr_line' id='line_1_23' title="bbox 204 3390 1211 3501; baseline -0.007 -31"><span class='ocrx_word' id='word_1_127' title='bbox 204 3460 211 3470; x_wconf 92' lang='grc'><strong>.</strong></span> <span class='ocrx_word' id='word_1_128' title='bbox 267 3397 496 3501; x_wconf 72' lang='lat' dir='ltr'>prototypum</span> <span class='ocrx_word' id='word_1_129' title='bbox 530 3394 619 3468; x_wconf 88' lang='lat' dir='ltr'>illud</span> <span class='ocrx_word' id='word_1_130' title='bbox 649 3416 788 3485; x_wconf 83' lang='lat' dir='ltr'>naturae</span> <span class='ocrx_word' id='word_1_131' title='bbox 815 3390 995 3491; x_wconf 85' lang='lat' dir='ltr'>generale,</span> <span class='ocrx_word' id='word_1_132' title='bbox 1028 3393 1127 3486; x_wconf 80' lang='lat' dir='ltr'>cuius</span> <span class='ocrx_word' id='word_1_133' title='bbox 1150 3391 1211 3489; x_wconf 79' lang='lat' dir='ltr'>es·.¹</span> 
     </span>
     <span class='ocr_line' id='line_1_24' title="bbox 218 3516 1206 3615; baseline -0.001 -25"><span class='ocrx_word' id='word_1_134' title='bbox 218 3519 316 3615; x_wconf 87' lang='lat' dir='ltr'>figies</span> <span class='ocrx_word' id='word_1_135' title='bbox 342 3521 376 3589; x_wconf 88' lang='lat' dir='ltr'>in</span> <span class='ocrx_word' id='word_1_136' title='bbox 406 3519 531 3590; x_wconf 92' lang='lat' dir='ltr'>ultimo</span> <span class='ocrx_word' id='word_1_137' title='bbox 564 3519 663 3587; x_wconf 86' lang='lat' dir='ltr'>etiam</span> <span class='ocrx_word' id='word_1_138' title='bbox 698 3516 970 3587; x_wconf 87' lang='lat' dir='ltr'>vertebratorum</span> <span class='ocrx_word' id='word_1_139' title='bbox 998 3533 1071 3582; x_wconf 90' lang='lat' dir='ltr'>non</span> <span class='ocrx_word' id='word_1_140' title='bbox 1103 3533 1206 3603; x_wconf 65' lang='lat' dir='ltr'>prot·¹</span> 
     </span>
     <span class='ocr_line' id='line_1_25' title="bbox 216 3631 1204 3728; baseline -0.005 -18"><span class='ocrx_word' id='word_1_141' title='bbox 216 3640 271 3710; x_wconf 87' lang='lat' dir='ltr'>sus</span> <span class='ocrx_word' id='word_1_142' title='bbox 314 3638 431 3724; x_wconf 88' lang='lat' dir='ltr'>deest,</span> <span class='ocrx_word' id='word_1_143' title='bbox 476 3659 514 3708; x_wconf 90' lang='lat' dir='ltr'>ut</span> <span class='ocrx_word' id='word_1_144' title='bbox 548 3640 670 3708; x_wconf 87' lang='lat' dir='ltr'>merito</span> <span class='ocrx_word' id='word_1_145' title='bbox 706 3639 847 3728; x_wconf 84' lang='lat' dir='ltr'>ponitur-</span> <span class='ocrx_word' id='word_1_146' title='bbox 879 3637 914 3705; x_wconf 93' lang='lat' dir='ltr'>in</span> <span class='ocrx_word' id='word_1_147' title='bbox 945 3653 1093 3724; x_wconf 91' lang='lat' dir='ltr'>corpore</span> <span class='ocrx_word' id='word_1_148' title='bbox 1129 3631 1204 3705; x_wconf 89' lang='lat' dir='ltr'>hu·</span> 
     </span>
     <span class='ocr_line' id='line_1_26' title="bbox 216 3754 1205 3849; baseline -0.006 -20"><span class='ocrx_word' id='word_1_149' title='bbox 216 3781 373 3842; x_wconf 90' lang='lat' dir='ltr'>man0,</span> <span class='ocrx_word' id='word_1_150' title='bbox 409 3757 735 3849; x_wconf 76' lang='lat' dir='ltr'>complicatisfimoa</span> <span class='ocrx_word' id='word_1_151' title='bbox 771 3755 816 3828; x_wconf 82' lang='lat' dir='ltr'>lic</span> <span class='ocrx_word' id='word_1_152' title='bbox 854 3775 995 3846; x_wconf 89' lang='lat' dir='ltr'>quoque</span> <span class='ocrx_word' id='word_1_153' title='bbox 1033 3754 1205 3845; x_wconf 82' lang='lat' dir='ltr'>syntagma</span> 
     </span>
     <span class='ocr_line' id='line_1_27' title="bbox 216 3869 1204 3968; baseline -0.009 -19"><span class='ocrx_word' id='word_1_154' title='bbox 216 3878 364 3960; x_wconf 81' lang='lat' dir='ltr'>ossium,</span> <span class='ocrx_word' id='word_1_155' title='bbox 401 3877 527 3968; x_wconf 90' lang='lat' dir='ltr'>quibus</span> <span class='ocrx_word' id='word_1_156' title='bbox 560 3876 628 3946; x_wconf 92' lang='lat' dir='ltr'>hoc</span> <span class='ocrx_word' id='word_1_157' title='bbox 662 3896 790 3966; x_wconf 88' lang='lat' dir='ltr'>corpus</span> <span class='ocrx_word' id='word_1_158' title='bbox 819 3872 986 3953; x_wconf 85' lang='lat' dir='ltr'>fulcitur,</span> <span class='ocrx_word' id='word_1_159' title='bbox 1010 3869 1204 3940; x_wconf 88' lang='lat' dir='ltr'>defenditur</span> 
     </span>
    </p>
   </div>
   <div class='ocr_carea' id='block_1_5' title="bbox 212 3992 1207 4179">
    <p class='ocr_par' dir='ltr' id='par_1_5' title="bbox 212 3992 1207 4179">
     <span class='ocr_line' id='line_1_28' title="bbox 212 3992 1207 4091; baseline -0.011 -23"><span class='ocrx_word' id='word_1_160' title='bbox 212 4016 316 4091; x_wconf 86' lang='lat' dir='ltr'>atque</span> <span class='ocrx_word' id='word_1_161' title='bbox 352 4014 532 4084; x_wconf 80' lang='lat' dir='ltr'>movetur,</span> <span class='ocrx_word' id='word_1_162' title='bbox 570 3992 765 4067; x_wconf 88' lang='lat' dir='ltr'>servandum</span> <span class='ocrx_word' id='word_1_163' title='bbox 805 4011 857 4064; x_wconf 94' lang='lat' dir='ltr'>est</span> <span class='ocrx_word' id='word_1_164' title='bbox 893 4010 1049 4083; x_wconf 88' lang='lat' dir='ltr'>tanquam</span> <span class='ocrx_word' id='word_1_165' title='bbox 1084 4009 1207 4087; x_wconf 86' lang='lat' dir='ltr'>norma</span> 
     </span>
     <span class='ocr_line' id='line_1_29' title="bbox 1022 4126 1201 4179; baseline 0.006 -1"><span class='ocrx_word' id='word_1_166' title='bbox 1022 4130 1028 4143; x_wconf 93' lang='lat'><strong>·</strong></span> <span class='ocrx_word' id='word_1_167' title='bbox 1104 4126 1201 4179; x_wconf 87' lang='lat' dir='ltr'>com·</span> 
     </span>
    </p>
   </div>
   <div class='ocr_carea' id='block_1_6' title="bbox 0 0 1286 4710">
    <p class='ocr_par' dir='ltr' id='par_1_6' title="bbox 0 0 1286 4710">
     <span class='ocr_line' id='line_1_30' title="bbox 0 0 1286 4710; baseline 0 1"><span class='ocrx_word' id='word_1_168' title='bbox 0 0 1286 4710; x_wconf 95' lang='lat' dir='ltr'> </span> 
     </span>
    </p>
   </div>
  </div>
 </body>
</html>
