2564 4710
208 367 258 443 62
340 364 1000 473 ,Cur-‚lllaXSacrro-IIM.

208 563 385 646 nimalium
417 528 650 657 prototypum¹
677 567 898 661 prosequitur
928 586 1205 640 oaoarnou·

111 735 114 740 -
207 707 261 761 ua
284 681 374 778 (*),
407 704 446 757 ut
476 686 617 770 omnia,
655 705 832 779 quotquot
864 686 962 770 suut,
997 697 1125 782 organa
1158 683 1205 771 ad

135 874 142 879 .,
204 809 293 881 banc
324 786 541 883 harmoniam
559 806 725 879 reducere
749 807 934 891 moliatur,
958 807 1033 878 ossa
1055 828 1203 899 quoque
1264 879 1268 884 ,

207 925 540 1019 opercularia,
559 925 749 1022 ‚ingeniose
782 926 883 1011 satis,
915 925 1098 1019 proposuit
1126 944 1202 998 tau·

205 1064 306 1136 quam
345 1042 490 1138 analoga
525 1039 750 1135 osstculururn
785 1043 946 1116 auditur.
1002 1045 1059 1114 An
1094 1046 1202 1115 etiam

205 1161 314 1237 rete?
339 1208 344 1218 .
365 1158 588 1245 Adsentiunt,
623 1164 684 1254 qui
716 1164 751 1233 in
782 1162 1037 1253 opercularium
1064 1160 1203 1248 forma,

205 1279 383 1367 volumine
404 1279 656 1372 autpofitione
680 1278 899 1352 sufficientem
921 1282 984 1352 fibi
1004 1282 1204 1375 persuasum

176 1482 179 1487 ,
206 1398 355 1497 habeant
380 1399 455 1472 esse
469 1398 704 1492 comparandi
730 1402 893 1492 copiam3
916 1420 984 1492 qua
1007 1421 1119 1470 autern
1142 1399 1206 1471 ad·

207 1516 373 1602 missi,
416 1515 548 1608 aliquid
591 1516 818 1588 frustraneum
856 1539 1029 1590 remanere
1066 1518 1208 1592 videtur

208 1634 318 1705 tribus
350 1631 527 1717 ossiculis,
560 1633 622 1725 ipsr
654 1636 770 1704 cranio
794 1655 829 1703 et
851 1634 1037 1725 labyrinthi
1062 1634 1206 1709 sacculo

207 1753 345 1824 inclufis
367 1771 546 1842 nervoque
566 1754 721 1822 acustico
741 1751 879 1823 adnexis
890 1751 971 1844 (†).
1005 1751 1205 1849 Quantum·

207 1871 295 1940 libet
330 1873 420 1940 enim
458 1869 634 1962 frequens.
655 1867 694 1938 fit
732 1891 858 1962 organa
895 1874 1071 1971 invenire,
1107 1876 1207 1969 iuxta

206 1989 353 2061 aliorum
385 1987 580 2059 animalium
615 2007 737 2079 typum
771 1986 949 2075 ordinata,
983 1989 1117 2061 nullum
1153 2015 1205 2063 ta-

209 2123 312 2193 men,
334 2108 392 2184 ,ni
412 2152 417 2179 -,
437 2105 564 2192 fallor,
610 2104 807 2197 exemplum
851 2108 978 2198 prostat
1021 2124 1210 2201 apparatus

210 2224 381 2303 eiusmodi
412 2223 644 2317 duplicis,
676 2224 846 2314 cuiusque
873 2246 952 2315 pars
976 2224 1080 2297 altera
1104 2226 1207 2299 fimo}

207 2345 293 2417 adeo
328 2345 505 2419 volumine
538 2363 591 2413 est
621 2341 772 2437 insignis.

222 2500 224 2505 ·
258 2459 386 2560 Neque
412 2461 513 2528 etiarn
545 2460 581 2526 iu
605 2457 776 2551 [Cataceis
807 2456 940 2550 aliquid
967 2459 1074 2532 simile
1102 2485 1206 2556 repe·

113 2569 116 2573 ’
209 2583 337 2664 timus,
372 2599 503 2674 organo
535 2575 620 2648 licet
656 2577 830 2649 auditorio
867 2581 1092 2672 completioni
1128 2605 1205 2656 non

209 2699 392 2775 instructis.

218 2827 228 2891 Ξ
258 2814 370 2912 Quod
396 2836 481 2887 vero
509 2815 631 2885 attinet
662 2811 863 2909 ungularem
893 2816 1046 2910 ipsorum
1072 2821 1207 2892 usstcu·

208 2934 505 3016 lorumauditus,
528 2936 563 3004 in
586 2918 736 3023 piaclum
758 2937 897 3021 cronio,
922 2937 1089 3034 liguramt
1115 2943 1204 3015 baec

186 3052 309 3135 ,valde
333 3051 513 3149 mutabilis
541 3051 643 3123 etiarn
677 3070 729 3121 est
762 3054 798 3122 in
829 3053 973 3146 reliquis
1005 3058 1205 3132 animalium

211 3172 398 3257 classrbus3
434 3173 505 3241 imo
543 3187 580 3239 et
613 3168 739 3240 morbo
773 3171 911 3262 prorsus
940 3174 1133 3264 perditum?
1154 3182 1208 3250 ire

211 3290 356 3384 possunt
388 3285 511 3378 (cuius
552 3287 601 3356 rei
637 3285 795 3377 exempla
837 3289 919 3359 citat
953 3290 1026 3382 ipse
1061 3312 1208 3365 orror.

211 3419 405 3481 quoius
442 3403 598 3493 mihique
630 3421 665 3471 et
695 3401 772 3472 aliis
802 3424 883 3473 nota
915 3405 1038 3500 sunt),
1069 3411 1207 3503 absque

211 3545 395 3602 tamenut
427 3521 581 3595 facultati
612 3520 772 3595 audiendi
809 3523 955 3599 multum
991 3527 1205 3626 derogetur:

1115 3664 1220 3741 quo·‘

255 3942 309 4022 (*)
344 3937 453 4015 ,Philofi
473 3940 611 4002 Atratum.
630 3939 773 3999 Memor’re
788 3940 814 3999 J.
833 3943 967 4017 inprimit
978 3957 1050 4031 pag.
1063 3960 1111 4023 39.
1123 3946 1206 4028 seqq.

241 4030 255 4047 ίι

239 4060 244 4071 ι

221 4129 309 4208 mci)
348 4127 582 4200 consentientem
602 4124 663 4187 vid.
682 4140 902 4200 weurauuu,
921 4132 943 4192 Ι.
963 4152 989 4191 c.
1004 4087 1077 4211 pap.
1097 4137 1145 4196 80.
