2588 4704
276 405 331 456 na
369 366 724 457 rcrr'ruaocoorn
761 405 1001 475 quasnam.
1110 405 1136 478 3

590 578 699 672 83·

198 814 232 887 E
255 815 381 908 quibus
405 816 482 886 satis
504 816 672 908 superque
694 833 807 908 patet,
829 814 1015 888 hodienum
1035 816 1138 888 etiarn

147 956 232 1008 cum
258 937 399 1027 reliquis
422 957 491 1007 non
515 938 586 1028 pari
610 935 708 1027 passu
731 935 903 1007 ambulare
925 936 1025 1029 posse
1048 937 1138 1007 hanc

147 1056 348 1125 zootonriae
379 1073 522 1144 partem.
574 1050 713 1123 Etenim
744 1050 885 1139 damna,
913 1074 1070 1145 ternpore
1086 1073 1139 1126 ,ac

149 1174 262 1265 spatio
292 1170 404 1256 facta,
436 1192 505 1244 non
538 1190 602 1242 tant
636 1173 709 1244 cito
733 1172 893 1242 resarcire·
923 1171 1056 1243 licitum
1085 1188 1139 1244 est

150 1291 298 1361 summae
319 1293 420 1361 etiam
452 1292 682 1363 recentiorum
714 1289 923 1377 industriae,
946 1295 1003 1361 cui
1027 1290 1139 1360 libros

148 1409 316 1479 debemus
341 1410 528 1480 universam
554 1409 712 1480 scientiae
738 1410 875 1501 copiam
901 1407 1139 1500 complecten-

150 1547 230 1612 tes,
274 1548 315 1598 ac
360 1527 667 1622 monographius„
691 1526 817 1617 quibus
859 1528 949 1597 varia
989 1527 1140 1618 piscium

150 1665 278 1740 organa
319 1644 444 1714 eximie
485 1641 696 1714 illustrantur
737 1664 807 1712 non
847 1642 979 1727 solum,
1019 1660 1139 1713 verum

148 1766 253 1857 etiam
287 1759 495 1832 reducuntur
527 1760 572 1831 ad
602 1764 826 1852 anatomicam
856 1784 896 1831 ac
928 1759 1142 1856 physiologi·

150 1866 228 1952 cam
264 1881 553 1968 comparationem
591 1876 809 1973 generalem
841 1899 959 1969 quae,
997 1878 1020 1947 st
1056 1875 1141 1969 quid

148 1993 268 2080 aliud,
302 1995 474 2064 universae
505 2014 615 2064 rerum
650 1993 853 2065 naturalium
886 1993 1043 2067 scientiae
1073 1993 1141 2066 fas·

151 2114 276 2209 tigium
309 2112 487 2206 imponat,
519 2111 658 2182 necesse
687 2130 751 2184 est.

593 2347 703 2438 §a

204 2581 272 2657 Est
305 2580 423 2669 aliud,
457 2584 600 2654 minoris
632 2578 771 2674 quidem
805 2586 992 2670 momenti,
1027 2583 1143 2659 obsta·

151 2704 296 2788 culum,
341 2724 385 2774 ex
426 2704 502 2793 ipso
545 2703 693 2792 piscium
735 2704 930 2796 organismo
971 2705 1143 2794 petitum:

153 2821 246 2914 quoii
273 2821 330 2890 hic
355 2818 496 2889 arduum
523 2817 607 2909 quid
632 2817 880 2912 habeaturque
913 2817 1145 2910 laboriosum,

154 2941 259 3012 tironi
290 2940 445 3030 inprimis
475 2934 684 3024 molestum,
707 2938 787 3008 artis
808 2940 1017 3011 anatomicae
1040 2941 1146 3011 etiam
1175 2978 1178 2982 =

153 3077 227 3128 non
265 3057 396 3151 ignaro.
448 3048 528 3125 Nec
568 3073 677 3127 tamen
710 3054 866 3146 piscibus
900 3056 1145 3150 complicatiot

153 3195 208 3247 est
241 3175 386 3265 partium
417 3171 569 3260 fabrica,
593 3195 657 3246 nec
680 3172 853 3246 difficilior
874 3173 1144 3264 administratio,

154 3295 314 3387 nuliique
353 3295 480 3368 cedunt
518 3298 676 3389 corporis
714 3317 780 3366 tam
817 3294 1007 3393 elegantia,
1042 3290 1144 3391 q'uam

154 3415 344 3509 multiplici
382 3419 554 3488 varietate.
613 3412 707 3486 Hinc
747 3415 870 3487 nimiae
906 3438 970 3487 nec
1006 3400 1146 3509 prorsus

155 3538 265 3607 iustae
311 3539 568 3629 querimoniae,
612 3556 656 3607 ex
695 3537 807 3631 ignoti
847 3535 941 3606 nulia
983 3537 1148 3631 cupidine

156 3658 338 3729 maximam
370 3655 478 3729 saltim
511 3675 641 3747 partem
673 3654 749 3725 sunt
779 3654 1022 3751 expiicaturae.
