2564 4710
223 388 294 465 854
440 362 648 441 Cau-111.
693 363 872 439 Sacrae
905 361 990 442 vn.

219 560 407 639 clauditur·
424 583 586 654 apparatu
621 559 782 635 tendines
815 559 1042 642 transvena,-
1062 579 1213 654 compat

137 719 140 725 ·
219 683 284 755 fito
315 703 336 752 e
369 680 457 755 striis
487 701 631 754 numero
663 683 792 771 tamisa
815 700 958 770 quarum
980 677 1098 755 infima
1120 703 1214 757 cras·

218 801 291 872 fitie
323 795 475 890 aequalis
508 817 561 876 est
595 796 726 869 duabus
761 799 938 890 supremis.

267 916 492 991 Necessarius
525 918 627 989 huius
656 917 808 993 vfabricae
842 915 987 987 effectus
1018 916 1211 1000 habeatur,

215 1056 256 1110 ut
298 1035 452 1108 tendines
490 1035 527 1106 hi
563 1031 827 1126 comprimendo
863 1032 991 1136 lumen¹
1014 1052 1123 1103 venae
1160 1031 1213 1104 di-

217 1157 396 1243 minuant,
431 1154 456 1225 sr
492 1152 655 1246 quando,
680 1152 861 1248 agentibus
886 1150 1053 1227 musculis
1076 1150 1211 1229 veiicae

218 1275 393 1373 propriis,
427 1274 574 1369 parietes
605 1275 680 1350 eius
714 1269 843 1380 fuerint
874 1270 1050 1363 expansa..

636 1509 658 1602 s
714 1442 835 1604 m(

268 1746 317 1820 Hi
349 1746 497 1844 musculi
523 1765 697 1839 occupant
721 1751 861 1840 parietis
882 1747 1055 1824 inferioris
1075 1764 1216 1840 partem

217 1869 387 1950 anticam,
421 1868 624 1959 peritonaeo
658 1868 753 1938 tecti.
790 1866 905 1941 ‘Sunt
935 1862 1079 1938 nur'nero
1114 1865 1214 1949 duo,

218 1982 339 2059 uerter
365 2003 469 2076 atque
498 1981 652 2070 ssnister3
684 1985 894 2080 marginibus
920 1984 1153 2057 anterioribus
1178 1985 1214 2057 se

217 2121 397 2198 tangentes
433 2103 469 2171 in
501 2098 591 2172 linea
625 2100 801 2190 mediana,
834 2102 961 2174 abhinc
994 2101 1214 2194 postrdtsunr

218 2219 401 2317 divergunt
434 2219 496 2292 sub
528 2218 657 2315 angulo
688 2240 805 2291 acuto.
856 2218 897 2290 In
929 2217 1115 2316 heglefino
1146 2220 1215 2294 fin·

218 2338 321 2434 gulus
352 2336 528 2409 musculus
552 2336 806 2432 longitudinem
829 2337 932 2410 habet
955 2336 1221 2430 transre'rsalem*

219 2479 307 2542 oo‚a
336 2455 379 2526 ad
401 2454 613 2526 latitudinem
640 2453 884 2539 dimidiamur
906 2448 1129 2548 exemplare,
1149 2479 1212 2530 cu·

217 2577 271 2646 ius
304 2575 433 2645 vesicae
464 2573 627 2644 diameter
657 2571 918 2667 longitudinaiis
940 2597 1003 2678 est
1026 2610 1076 2652 ··...-
1098 2552 1238 2664 <>,ιι;Λ

220 2694 422 2765 tranversam
455 2714 555 2781 00,4.

246 2809 316 2881 'Hi
358 2809 507 2881 musculi
547 2830 655 2900 quum
694 2808 823 2881 vesscaa
859 2811 940 2911 iph
960 2812 1034 2884 sunt
1067 2813 1210 2901 inserti,

217 2927 443 2998 directionem
469 2926 687 2998 transuersam
714 2927 919 3001 habentibus
944 2949 1066 3001 eorum
1090 2930 1210 3020 fibris;

219 3065 325 3137 quum
356 3045 458 3113 etiam
491 3043 590 3136 regio
623 3040 752 3113 vesicae
778 3042 1054 3121 lateralistcostis
1075 3071 1120 3128 ac
1141 3050 1212 3143 spi·

216 3165 280 3241 nae
313 3158 401 3231 durh
433 3158 575 3231 firmiter
603 3156 786 3245 adhaeret,
816 3159 989 3264 sequitur,
1017 3171 1208 3240 contractis

216 3277 406 3364 musculis,
435 3279 470 3350 in
498 3276 588 3347 linea
620 3293 789 3348 transuere
811 3278 904 3371 tendi
927 3280 1053 3364 debere
1075 3304 1210 3377 partem

117 3406 121 3417 '
173 3459 175 3464 .
217 3398 347 3471 vesicae
379 3396 547 3481 mediam,
580 3392 713 3480 laxam,
732 3388 852 3497 ssatque
887 3397 932 3472 iic
958 3406 1128 3476 coarctari
1150 3404 1209 3485 da·

219 3514 383 3607 scriptum
403 3515 542 3588 uatium
573 3511 752 3588 venustam.

632 3751 655 3843 ἕ
710 3770 809 3846 15ss

201 3968 216 3983 ”
265 3985 351 4086 Quo
393 4005 478 4066 vera
520 4007 541 4059 a
585 3987 704 4067 multis
750 3989 828 4065 aliis
871 3966 1093 4095 distinguitur
1137 3995 1280 4077 hor:

270 4141 274 4156 ,
688 4139 691 4143 -
1143 4135 1203 4189 01..
1240 4144 1280 4162 -

540 4224 547 4261 ι
586 4192 589 4197 .
