2564 4710
256 374 325 446 11'2
496 369 602 444 cia».
638 368 704 443 ΙΙΙ.
740 369 914 445 sicam
945 347 992 446 V.

297 573 335 660 4'.
385 554 527 639 Lamina
558 569 652 642 osse'a
679 567 730 662 (r.
757 566 838 660 aa),
869 590 935 661 pro
959 563 1103 637 brachio
1130 560 1232 639 t'ot'ii

245 694 323 758 ante
356 684 494 775 habita,
525 688 626 758 nimis
655 706 757 778 parva
787 686 859 757 esse
888 684 1045 769 videtur,
1068 706 1170 776 quam
1192 684 1232 759 ιιὲ

246 807 469 880 omnibus
506 808 638 879 brachii
673 807 803 879 ossab'us
836 806 932 878 fimul
971 806 1123 878 sufficiat.
1173 804 1231 875 In·

244 927 364 1017 primis
410 924 478 996 hoc
520 924 744 1016 conspicuum
786 944 838 995 est
878 927 912 994 in
959 922 1058 995 Cotto
1087 917 1230 1016 scorpio

244 1041 337 1136 (tab.
363 1040 427 1114 XI.
452 1042 511 1138 fig.
534 1041 665 1134 vil„);
691 1043 790 1114 cuius
816 1061 881 1113 tam
908 1061 1028 1137 magna
1053 1040 1131 1111 sunt
1154 1039 1229 1113 ossa
1272 1080 1276 1089 ·

244 1162 404 1250 carpi,
440 1179 477 1229 ut
511 1158 645 1229 in·hac
678 1159 799 1228 lamina
830 1157 962 1228 nulium
994 1155 1141 1229 humero
1175 1156 1228 1227 su·

242 1277 392 1369 peresset
427 1277 595 1368 spatium,
630 1297 665 1347 et
695 1274 875 1368 parvulum
907 1274 1006 1345 vaide
1040 1262 1228 1345 remaneret
1258 1358 1261 1365 Ι

241 1391 484 1466 antibrachio.
546 1389 640 1465 Huic
682 1414 752 1464 non
786 1391 946 1463 absimilis
978 1409 1031 1462 est
1062 1384 1228 1463 Anar'ra'·

241 1510 328 1585 cllas
359 1513 474 1606 lapus.

290 1646 325 1722 5.
378 1629 437 1699 Sic
465 1631 565 1700 etiam
595 1626 851 1700 Coen'oitei
875 1626 985 1698 moles
1007 1627 1110 1697 nimis
1133 1646 1227 1722 mag·

236 1768 278 1819 aa
323 1747 395 1818 esse
434 1748 568 1817 videtur
608 1769 673 1838 pro
710 1745 779 1818 sola
814 1745 1017 1828 clavicula,
1051 1736 1226 1834 ipiiusqu'&

236 1865 345 1959 figura
391 1874 425 1938 'e't
466 1865 696 1939 conformatio
731 1870 799 1958 pro'
835 1887 902 1937 uno
936 1865 1012 1936 osse'
1041 1882 1113 1935 non
1146 1862 1224 1934 fatis

235 1982 391 2076 iimplex'.
430 2048 435 2059 .

286 2107 322 2175 6.
373 2101 536 2197 Deniq'ue
569 2105 604 2175 ia
635 2100 741 2199 Efoce
773 2103 865 2175 lucio
886 2094 1108 2174 a'lav'icola
1130 2098 1224 2171 cras*-

234 2222 307 2292 fitie
339 2222 396 2292 sua
425 2221 544 2313 aliquo
570 2221 677 2293 modo
703 2221 849 2291 discerni
871 2236 988 2312 potest
1009 2219 1223 2321 ablhumer'o

231 2334 317 2433 (fig.
338 2337 438 2427 va).
489 2339 613 2411 Maio·
636 2339 847 2410 manifestior
869 2357 921 2409 est
943 2337 1027 2407 haec
1055 2337 1223 2428 aparatio
1260 2318 1264 2327 '

232 2458 268 2525 in
314 2456 414 2527 Gado
456 2455 655 2544 morrhua3
694 2458 778 2538 ubi,
813 2455 882 2526 luci
917 2454 1100 2547 oppofita‚
1134 2456 1224 2526 con*-

164 2642 167 2649 ,
234 2573 378 2663 spicitur
409 2571 532 2643 lamina
565 2573 699 2663 anapia,
732 2576 866 2658 tenuis3
903 2568 990 2662 q'uae
1023 2592 1099 2664 pars
1130 2570 1222 2643 inse?-

233 2693 305 2763 rior
336 2700 377 2763 aa
407 2711 579 2783 postrema
607 2712 659 2762 est
683 2690 903 2776 claviculae,
927 2714 946 2761 a
969 2690 1130 2764 crasfior'e
1154 2688 1223 2762 hu:

232 2818 328 2882 mero
353 2809 456 2883 facile
481 2809 729 2907 distin'goe'nda.
898 2804 904 2811 ’

283 2928 375 2996 Cum
401 2928 454 2996 his
479 2928 502 2995 fi
524 2927 739 2998 conferamus
764 2907 938 3022 Lophium
955 2927 1225 3021 pis'catorium'a

232 3049 315 3111 mox
349 3036 383 3111 in
417 3040 541 3112 oculos
572 3045 748 3112 incurrunt
781 3044 934 3115 radius
965 3064 1000 3114 et
1029 3045 1223 3140 cubit'lus

232 3161 395 3250 separati,
428 3158 525 3229 valde
557 3164 656 3253 quam
691 3159 814 3231 ssmiles
845 3162 996 3232 humanis
1019 3159 1097 3255 (*).
1148 3160 1230 3233 Ni·-

231 3274 283 3349 hil
325 3297 465 3368 quoque
507 3297 559 3348 est
590 3279 626 3346 in
659 3276 791 3368 reliquo
825 3279 1003 3349 coenostei
1031 3279 1112 3368 ¹aius
1145 3280 1222 3349 ani·

229 3392 328 3465 malis
363 3392 513 3477 fabrica,
547 3392 643 3485 qu'od
672 3395 866 3484 propositae
900 3394 1024 3465 osiium
1058 3393 1221 3466 divifioni

229 3515 381 3605 iniquius
422 3513 630 3605 responden
667 3513 689 3583 fi
723 3513 913 3604 excipiatur
946 3512 1129 3585 osficulum
1164 3515 1222 3585 in·

229 3650 397 3713 curvum,
433 3630 524 3721 spina
558 3630 614 3700 sua
646 3629 808 3700 inferiore
840 3633 921 3702 huic
948 3630 1012 3701 osii
1034 3633 1219 3719 iunctum,

229 3745 367 3838 bafique
403 3746 513 3816 eidem
547 3746 611 3819 ossi
643 3749 819 3820 interiecta
851 3769 886 3819 et
917 3748 1127 3821 antebrachii
1152 3769 1220 3823 ex·

1147 3874 1221 3939 tre·

268 4033 323 4112 (¹¹)
361 4036 481 4110 Depicti
509 4036 728 4111 conspiciuntur
753 4050 770 4095 a
799 3986 1074 4109 oaoi'iaoio',
1103 4036 1217 4098 Annal.

230 4130 267 4188 clu
298 4128 517 4206 Museom·(x.
547 4130 607 4191 tab.
636 4130 745 4193 XXIX.
772 4147 803 4205 q.
829 4128 885 4206 r.).
