2564 4710
204 335 253 417 aa
445 331 658 416 Camlll.
702 331 949 416 Sacarol.
1016 366 1018 372 1
1146 375 1149 378 ·

199 533 371 628 postremi
401 530 461 623 (a.
492 530 554 628 9.)
583 535 815 617 committitua
845 551 925 607 cum
960 528 1039 603 osse
1067 530 1200 626 accipi,

200 657 249 746 tir
274 650 459 742 latarum
490 672 567 743 pars
595 651 701 723 altera
723 653 784 744 (9.
808 671 842 744 3.
866 647 927 744 6.)
950 651 1106 745 iungitur
1127 649 1197 722 osa

199 771 361 866 accipitis
394 767 604 868 superiori,
645 789 683 843 et
723 792 886 853 externus
930 765 991 866 (5.
1026 768 1088 866 6,)
1128 767 1197 843 osli

200 889 371 990 tempora
400 888 570 990 amatque
602 890 759 985 sequenti
783 886 866 991 (*)·
958 871 962 880 ’

632 1129 656 1234 5
709 1153 768 1218 oo,

104 1388 170 1465 pig,
244 1341 284 1446 f.
335 1385 387 1449 os
419 1382 688 1447 nonnosum
721 1359 854 1460 (vulgo
873 1358 1012 1458 frontis
1039 1355 1200 1455 posterla

115 1488 169 1547 XI·
200 1482 291 1578 us),
331 1479 518 1558 admodum
558 1481 770 1579 irregulare,
813 1485 847 1552 in
880 1480 986 1574 plano
1020 1479 1201 1574 superiore

105 1589 176 1671 ΧΠ·
199 1619 270 1705 gres
313 1601 418 1672 habet
462 1599 569 1697 facies
612 1599 836 1686 articulares,
875 1601 1057 1694 asperitate
1092 1598 1149 1668 sua
1181 1618 1203 1684 a

150 1719 292 1794 *facie
325 1720 434 1793 libera
467 1717 570 1798 facile
608 1717 875 1818 distinguendae
926 1717 1002 1804 Hae
1036 1718 1203 1815 margini·
1255 1766 1257 1771 >

166 1904 171 1914 .
202 1838 269 1911 bus
302 1857 451 1930 quatuor
475 1836 829 1935 comprehenduntur.

252 1955 389 2033 Lateris
423 1956 570 2050 supremi
606 1956 712 2029 facies
744 1959 972 2032 anterior
1002 1955 1064 2050 (1.
1098 1979 1132 2030 a.
1162 1976 1203 2050 3.

203 2075 266 2173 4.)
298 2077 453 2166 subiacet
484 2075 601 2171 plano·
622 2064 718 2167 ossis⁴
722 2074 861 2173 frontis
883 2075 966 2174 (fig.
991 2075 1038 2147 ll.
1064 2098 1100 2167 4.
1125 2073 1202 2169 5.),

203 2195 328 2271 Facies
366 2197 562 2274 interna
597 2191 657 2287 (1.
692 2216 729 2286 4.
765 2197 849 2289 5.),
885 2196 1014 2290 tegitur
1045 2195 1203 2289 margine

103 2350 105 2356 ·
170 2316 288 2389 ‘ossis
313 2315 517 2410 parietate
549 2313 632 2410 (lig.
658 2312 706 2387 X.
731 2312 814 2408 5.>;
854 2332 1106 2406 postrema
1138 2307 1201 2401 (4.

202 2452 238 2527 5.
278 2429 338 2526 6.)
379 2431 532 2503 subiacet
571 2432 636 2504 ossr
671 2430 853 2524 temporit.
905 2429 1008 2526 Quae
1039 2427 1204 2501 articula·

201 2552 315 2623 tiones
355 2570 476 2620 ornnes
505 2569 613 2642 quum
648 2548 730 2619 siant
763 2549 877 2620 sutura
913 2549 1114 2642 squamosa,
1149 2549 1202 2622 se·

199 2672 345 2764 quitur,
388 2665 485 2760 quod
526 2668 562 2737 in
602 2665 728 2738 osfium
769 2667 925 2758 syntaxi,
959 2688 1093 2759 praeter
1125 2669 1204 2765 exij

202 2812 303 2890 guam
341 2789 436 2884 plani
469 2789 754 2881 superioria
785 2790 983 2882 portionem
1019 2787 1077 2880 (6.
1112 2785 1203 2881 4.)',

108 2883 111 2911 ι
202 2933 282 2984 cum
312 2911 464 3002 margine
498 2927 643 2979 externo
677 2905 994 3001 gibbose·finuato
1028 2904 1087 3000 (6.
1111 2903 1202 3001 73),

201 3027 289 3102 nihil
323 3026 463 3121 prorsus
495 3027 536 3098 fit
566 3027 807 3119 conspicuum.

251 3146 286 3219 A
318 3147 470 3242 margine
499 3144 648 3216 intemo'
669 3141 730 3234 (a.
760 3141 821 3238 5.)
853 3143 1031 3216 descendit
1054 3142 1203 3216 tuber

181 3265 378 3352 '·crassum,
407 3261 623 3358 inaequabile
654 3258 737 3359 (fig.
763 3259 847 3354 Xll.
872 3278 909 3356 5.
938 3262 972 3346 8.
995 3261 1057 3361 2.)
1080 3259 1204 3333 lamel-

299 3431 302 3437 «
718 3393 721 3402 ·
1168 3379 1204 3451 la

243 3641 299 3723 (2²)
337 3644 399 3704 Vix
428 3643 536 3713 habet,
566 3654 627 3719 quo
658 3657 726 3702 cum
752 3640 889 3717 parietale
917 3638 1110 3700 mammalium
1130 3652 1203 3698 con·

204 3741 273 3801 ferti
304 3751 411 3813 queat,
442 3749 553 3812 praeter
580 3738 681 3797 locum
711 3737 785 3795 inter
803 3753 837 3796 os
860 3734 1019 3810 occipitia,
1040 3734 1205 3807 temporale

204 3849 235 3894 et
261 3833 492 3906 interparietale;
521 3830 602 3905 quod
626 3843 807 3906 postremum
826 3828 997 3890 considerati
1018 3840 1118 3903 potent
1140 3840 1203 3886 tan-

205 3943 291 4004 quam
314 3926 452 4002 occipitis
474 3927 733 4000 complementum.
764 3925 822 3986 Pro
842 3923 1006 3985 charactere
1025 3936 1119 3982 tamen
1140 3921 1205 3982 hoc

204 4021 335 4081 sufficere
362 4032 482 4096 potest,
509 4032 647 4095 respectu
666 4018 778 4097 semper
797 4018 899 4080 habitu
920 4016 956 4078 ad
976 4033 1093 4097 parvam
1112 4011 1207 4091 cranii

206 4115 334 4190 piscium
362 4114 564 4192 capacitatem.
615 4129 625 4141 ’·
