2564 4710
137 377 185 427 ao
366 349 492 463 Cae.
527 356 593 436 Ill.
639 357 820 446 Sactto
855 357 883 429 Ι.

135 551 245 622 sumta
278 546 341 618 lint
372 569 393 618 a
426 548 488 621 srtu
527 552 757 640 horizontali,
784 553 921 645 qualem
946 555 1053 647 piscis
1078 555 1134 643 vig

120 737 122 740 ,
137 690 221 743 vens
251 665 448 739 naturaliter
462 732 465 737 .
479 669 609 741 servare
642 672 741 743 soleta

189 789 299 889 Quae.
322 793 392 862 tab.
429 791 480 864 IV
513 812 548 862 et
583 793 617 864 V
654 813 831 884 prostant,
878 793 952 862 ossa
988 792 1136 883 separata

140 892 246 984 cranii
269 928 305 980 et
328 909 429 980 faciei
455 912 593 993 onmia,
628 919 794 1001 quatenus
818 913 910 1001 paria
933 912 1033 994 sunt,
1056 931 1137 1002 per·

140 1031 250 1099 tinent
280 1025 323 1097 ad
354 1027 443 1098 latus
468 1026 624 1098 dextrum
650 1032 750 1099 unius
773 1029 996 1120 eiusdemque
1019 1051 1138 1100 exem·

140 1146 270 1237 piaris,
306 1166 347 1214 ac
382 1145 519 1236 depicta
552 1145 813 1235 conspiciuntur
844 1147 941 1239 prius
968 1168 987 1216 a
1019 1146 1139 1239 super·

142 1261 225 1334 licie
257 1282 419 1350 externa,
451 1260 573 1334 deinde
603 1265 745 1336 interna.
777 1289 779 1293 ¹

572 1490 594 1596 r
650 1443 707 1599 o

38 1752 112 1811 Tab.
180 1740 224 1808 a.
277 1753 326 1803 os
363 1753 597 1817 raonem,
635 1735 790 1806 omnium
823 1728 1000 1804 volumine
1031 1728 1141 1798 maxi·

50 1854 100 1911 1v.
145 1869 261 1936 mum,
293 1848 424 1922 formae
448 1851 683 1947 triangularis,
717 1854 816 1942 apice
844 1870 1027 1930 truncato,
1053 1867 1143 1916 con·

53 1952 102 2026 fig.
144 1965 206 2036 stat
236 1964 422 2038 elaminis
457 1966 614 2054 duabus,
658 1975 799 2059 quarum
836 1966 964 2050 altera,
1001 1967 1177 2051 minor„

36 2054 61 2112 I·
82 2052 124 2112 H·
141 2107 273 2179 partem
295 2088 462 2177 posticam
487 2089 691 2160 subiacentis
711 2090 848 2159 maioris
866 2082 1070 2176 imperfecte
1091 2102 1143 2189 te·

143 2207 220 2300 git,
245 2208 318 2277 eius
349 2225 461 2276 autem
495 2206 637 2302 figuram
669 2207 745 2277 satis
768 2226 846 2298 apte
871 2205 1001 2286 imitat,
1029 2203 1146 2292 potis·

144 2321 264 2393 simum
287 2323 322 2392 in
345 2323 451 2415 plano
480 2321 563 2394 ossis
595 2325 856 2416 superiore.
885 2319 947 2391 .ln
973 2316 1145 2410 hoc-pla·

144 2437 350 2509 nolamina
385 2434 537 2531 inferior
574 2442 718 2530 superne
755 2439 969 2528 conspicitur
1000 2435 1085 2531 (fig.
1111 2434 1143 2507 Ι.

60 2600 63 2615 ·
145 2578 182 2626 a.
211 2578 245 2626 a.
274 2577 308 2646 3.
335 2577 370 2642 4.
399 2555 458 2648 8.)
485 2576 643 2646 tanquam
667 2556 811 2627 universr
836 2555 918 2625 ossis
941 2553 1146 2624 fundamen·

146 2695 244 2760 tum,
273 2673 451 2766 superficie
474 2673 706 2766 inaequabili,
731 2671 915 2743 lateraliter
937 2671 1146 2743 crasfiuscu·

143 2792 203 2879 ·la,
235 2795 388 2886 margine
421 2787 479 2884 (3.
508 2790 567 2886 4.)
592 2811 769 2863 excavato.
821 2789 963 2861 Lamina
997 2790 1081 2859 haee
1106 2792 1148 2860 in

143 2911 253 2982 dorso
268 2910 392 2980 medio
418 2914 619 2981 carinam
643 2913 733 3007 gerit
760 2909 911 2996 exilem3
939 2930 1025 3003 quae
1050 2931 1070 2978 a
1095 2907 1147 2978 la·

92 3032 107 3040 ”
150 3031 261 3101 minae
294 3030 394 3120 apice
427 3025 510 3118 (1.)
545 3027 616 3096 abit
646 3027 784 3129 adeius
808 3027 1023 3097 medietatem
1047 3021 1147 3121 (7.).

151 3145 297 3218 Catinae
333 3166 451 3240 margo
492 3145 658 3241 superior¹
688 3145 733 3242 ab
766 3167 915 3239 utroque
949 3145 1052 3216 latere
1086 3144 1149 3216 la·

153 3264 326 3338 mellam
346 3263 512 3357 producit
531 3263 688 3357 planam,
710 3264 958 3336 horizontalem
980 3263 1039 3358 (1.
1064 3264 1148 3358 8.);
1173 3248 1179 3267 ’

154 3409 262 3477 quae,
282 3386 470 3458 erttrorsum
496 3367 674 3456 confluens
694 3399 772 3457 cuni
796 3395 892 3479 parte
913 3387 1055 3457 laminae
1077 3405 1150 3457 ma·

144 3483 248 3576 'tricis
284 3506 422 3598 paulum
459 3500 712 3588 adscendente,
758 3527 837 3576 cum
871 3527 911 3575 ea
945 3505 1148 3585 canales

153 3622 237 3693 facit
267 3623 388 3705 binos,
418 3622 608 3707 anttotsum
641 3641 817 3713 patentes,
843 3645 907 3694 nec
931 3645 1002 3694 non
1025 3623 1150 3696 latera·

152 3740 232 3812 liter
255 3743 291 3810 in
314 3740 381 3811 fine
405 3758 583 3830 postremo
613 3735 708 3830 (8),
745 3754 816 3830 qno
850 3741 1020 3817 transeunt
1041 3743 1148 3813 etiam

153 3862 189 3929 in
223 3857 293 3930 duo
322 3856 487 3929 foramina
511 3856 665 3953 oblonga
688 3855 747 3948 (8.
768 3861 855 3954 ·9.),
883 3859 1073 3962 superficiei
1098 3859 1148 3930 la·

151 3975 276 4050 mellae
307 3973 487 4071 insculpta.
538 3968 578 4048 In
603 3973 666 4072 fig.
693 3971 723 4047 Ι.
749 3994 861 4049 ternae
891 3976 1017 4052 canalis
1043 3978 1148 4053 huius

1000 4164 1009 4185 ,
1031 4120 1145 4208 aper·
