2564 4710
231 377 907 453 eousronnabro'osanitabra'.
1024 396 1068 472 ¹3

93 580 350 668 eomputationis
379 575 592 663 universalis,
610 573 676 672 (⁴¹)
728 575 828 672 Quae
861 574 1076 664 comparatio

90 718 155 789 quo
185 700 250 769 rite
278 696 359 780 fiat,
392 704 481 789 opus
506 717 558 769 est
588 717 719 768 utnon
746 697 812 767 und
844 694 963 790 reguld
995 714 1074 764 ana·

86 815 177 913 logia
222 814 489 901 determinetur3
536 801 594 885 sed
634 824 673 885 ut
692 815 795 884 banc
830 811 1075 884 constituamus

85 934 270 1007 secundum
303 933 553 1006 similitudinem
583 931 785 1026 quamdam,
817 952 883 1024 qua
907 929 981 1002 ossa
1005 933 1075 1022 pis·

83 1055 175 1124 cium
198 1051 241 1123 ad
264 1047 413 1123 hominis
435 1052 490 1124 vel
513 1050 714 1125 animalium
731 1050 937 1124 referuntur.
975 1048 1072 1127 Haec
1167 1142 1180 1157 q

56 1191 59 1195 ’
84 1170 268 1245 similitudo
290 1176 325 1242 in
349 1176 468 1264 paucis
490 1172 650 1265 proditur
672 1171 743 1245 sola
767 1155 954 1267 figurat?
971 1172 1076 1262 quip-

83 1309 126 1382 pe
161 1310 252 1382 quae
282 1292 318 1359 in
351 1290 528 1382 plerisque
562 1293 703 1361 nimium
737 1290 780 1361 ab
808 1289 953 1360 humana
977 1306 1076 1359 rece·

82 1405 153 1478 dit:
203 1405 426 1499 quamobrem
468 1408 550 1479 huic
589 1406 730 1478 addatur
768 1405 822 1477 'aiei
861 1409 960 1479 etiarn
1000 1405 1076 1478 suc·-

82 1522 181 1596 cedat
215 1523 382 1606 locus,
417 1538 520 1615 quem
553 1522 589 1595 ilr
625 1538 774 1616 corpore
808 1543 982 1616 occupant
1016 1546 1073 1596 or·

80 1662 188 1738 gana,
220 1632 411 1733 eorumque
442 1644 600 1716 vicinitas
624 1644 889 1716 et.conruncti0
915 1628 994 1715 cum
1019 1662 1073 1716 re·

77 1757 199 1850 liquis.
251 1756 291 1828 ld
327 1772 411 1830 vero
444 1741 591 1851 periculi
627 1761 731 1833 habet
760 1761 896 1833 locus
926 1780 962 1833 et
987 1782 1074 1833 con·

79 1877 240 1960 iunctio,
273 1877 391 1967 quod‚
423 1896 467 1950 ex
496 1878 580 1950 oslis
608 1877 784 1952 cuiusdam
807 1901 878 1950 non
901 1880 988 1950 bene
1013 1877 1072 1950 de·

79 1997 250 2066 terminati
291 2017 430 2080 errore,
470 1998 640 2069 trahamur
669 2002 704 2068 in
737 1998 853 2071 alium.
906 1998 1071 2090 Denique

65 2094 171 2185 ‘baud
201 2098 403 2208 negligenda
428 2128 481 2186 est
505 2112 661 2212 analogia
681 2137 726 2187 ex
748 2117 922 2187 harmonia
945 2117 1072 2188 func·

76 2232 253 2301 tionum
278 2226 443 2315 oriunda3
469 2250 557 2320 quae
582 2227 720 2321 quidem
747 2232 931 2303 methodus
956 2231 1071 2324 phyli-

72 2345 222 2439 ologica
256 2368 335 2437 pme
369 2345 445 2416 aliis
478 2346 561 2442 eligi
595 2364 803 2434 mereretur,
837 2349 859 2421 li
896 2351 1001 2422 modo
1035 2354 1071 2423 in

76 2466 264 2538 ossium
305 2462 528 2556 dispolitione
568 2464 689 2539 eodem
724 2467 879 2539 successu
913 2469 1068 2542 adhiberi

77 2584 213 2676 semper
244 2583 381 2675 posset,
414 2605 485 2676 quo
519 2588 554 2655 in
590 2590 725 2682 organis
750 2587 991 2675 circulationi‚
1016 2587 1068 2660 di·

75 2703 231 2800 gestioni
263 2721 331 2774 cet.
363 2701 638 2775 inservientibus.

950 2938 973 3034 l
1009 2962 1065 3037 13·

119 3290 173 3370 (*)
214 3282 295 3352 llaec
324 3297 418 3350 autern
448 3306 506 3349 non
527 3282 566 3348 ita
584 3288 752 3365 accipienda
772 3303 858 3362 sunt,
889 3308 923 3351 ac
943 3291 983 3362 fi,
1003 3306 1070 3366 prae

77 3389 215 3451 omnibus
241 3387 332 3446 brutis
353 3389 490 3461 omnique
512 3386 581 3445 dote
604 3385 983 3460 complicatisstmum.foret
1006 3375 1070 3445 cor·¹

78 3501 134 3559 pus
150 3484 323 3543 humanumt
341 3484 471 3541 nimirum
493 3495 604 3555 praeter
622 3482 700 3551 ossa,
712 3497 785 3555 quae
804 3484 834 3538 in
853 3481 971 3539 homine
990 3499 1071 3555 ptor-

78 3596 127 3637 aus
153 3576 301 3638 desiderari
323 3579 377 3636 iam
399 3577 523 3639 vidimus
546 3574 582 3652 (§
603 3576 674 3650 9.)‚
700 3578 729 3634 in
758 3579 876 3651 reliquis
899 3578 1066 3637 animalibus

79 3675 218 3732 nonnulla
247 3675 332 3732 etiam
363 3675 456 3731 multo
484 3684 550 3731 sunt
579 3672 745 3744 grandiorat
766 3684 797 3729 ut
821 3671 941 3729 sternam
962 3671 991 3727 in
1012 3672 1070 3729 avi·

79 3771 157 3842 bus,
187 3773 312 3847 piscium
343 3772 508 3842 clavicula,
542 3771 779 3844 vespertilionum
809 3769 894 3844 digiti
925 3782 983 3827 cet.
1023 3769 1069 3826 De

81 3867 216 3925 omnibus
253 3867 320 3926 ideo
357 3868 439 3927 bisce
473 3867 585 3939 organis
617 3864 676 3923 dici
708 3865 829 3938 nequit,
871 3862 951 3939 quod
980 3861 1069 3936 gradu

80 3960 217 4027 inferiore
245 3961 440 4032 substiterint,
469 3958 711 4036 quemadmodum
740 3976 795 4019 ruo
827 3961 896 4018 loeo
927 3958 1070 4031 exemplis

78 4053 290 4117 monstrabitur.
