2564 4710
248 364 356 442 Car.
394 365 461 442 11...
487 388 682 441 acuunt
718 387 907 461 ntsctutu
938 384 1039 438 nac.
1116 385 1151 475 9Ι

204 562 304 635 Adeo
335 562 508 656 praeclara
534 560 696 656 profecto
722 582 774 633 est
799 565 887 634 ratio
910 564 1079 644 humana,
1104 577 1144 634 ut

164 684 340 765 terminos,
379 683 506 773 quibus
543 682 766 765 continetur,
803 680 864 751 fibi
900 679 1042 751 statuere
1078 698 1144 748 nec

158 800 256 892 possit
280 820 393 891 neque
419 804 520 872 etiam
546 820 646 871 amet.
698 798 922 893 Progreditut
946 797 1079 869 idcirco
1102 819 1142 868 ac

157 917 414 1013 progrediatur,
450 920 491 991 in
522 914 681 990 universo
717 938 827 1014 regno
861 936 999 987 naturae
1032 917 1144 986 inues-

157 1035 315 1130 tigando,
347 1034 390 1106 ad
420 1034 579 1107 ultimum
610 1058 742 1128 usque,
769 1038 829 1127 qui
855 1034 1003 1106 sensibus
1028 1053 1143 1125 patet,

154 1151 306 1238 aditum;
349 1151 513 1245 quodque
553 1153 606 1224 his
641 1153 849 1251 denegatur,
887 1154 1026 1246 ingenio
1067 1151 1144 1244 sup·

152 1262 245 1361 plere
275 1267 409 1340 audeat.
461 1266 603 1347 Vereor
623 1290 760 1354 autem,
787 1292 830 1341 ne
854 1268 895 1340 a'd
922 1269 1143 1342 sufficientem

151 1386 377 1457 maturitatem
408 1385 573 1456 hactenus
599 1389 791 1477 pervenerit
814 1407 1000 1479 corporum
1025 1388 1143 1457 viven-

151 1507 234 1574 tium
272 1502 451 1597 auaiogia,
488 1524 526 1575 ut
563 1503 735 1590 fabricae,
772 1507 874 1577 etiam
906 1505 1141 1600 diversis·

149 1624 319 1704 simae,
351 1621 526 1712 harmonia
558 1642 634 1693 tuto
667 1622 743 1693 satis
769 1643 805 1694 et
830 1621 1015 1696 commode
1041 1645 1139 1694 cour·

149 1758 297 1831 ponatur
332 1739 505 1809 hominem
540 1739 630 1810 inter
661 1760 701 1810 ac
732 1738 875 1832 stirpes,
909 1742 991 1833 quin
1021 1760 1058 1810 et
1090 1743 1142 1817 in.

149 1857 285 1931 ferioris
321 1854 450 1927 ordinis
486 1856 652 1927 animalia.
715 1854 784 1928 Pro
820 1877 917 1929 certo
952 1858 1067 1932 saltem
1101 1865 1136 1935 in

148 1977 243 2048 hisce
264 1979 323 2046 vix
345 1973 476 2067 aliquid
498 1975 595 2047 statui
618 1975 719 2068 posse
741 1995 902 2060 autumo,
923 1999 1033 2070 usque
1056 1979 1138 2054 dum

146 2096 189 2167 ad
230 2084 399 2187 liquidum
440 2093 605 2194 perducta
641 2092 792 2178 fuerint,
830 2114 917 2185 quae
955 2098 1004 2167 in·
1026 2118 1139 2169 verte·

146 2214 346 2299 brutorum,
395 2211 569 2302 reptilium
618 2213 772 2302 inprimis
816 2231 919 2302 atque
963 2217 1137 2307 piscium,

144 2331 313 2434 structura
346 2329 512 2419 hactenus
544 2328 761 2429 remanserint
793 2327 937 2403 dubia..

587 2567 622 2658 §-
661 2590 695 2661 9·

208 2803 323 2877 Huius
364 2808 412 2876 rei
454 2801 615 2898 exemplo
658 2803 699 2874 iit
741 2824 926 2900 compages
965 2805 1060 2881 ossea
1101 2808 1135 2877 in

144 2926 324 3018 piscibusr
376 2946 477 3015 quam
520 2923 562 2995 fi.
586 2920 860 3009 confideremus,
893 2945 1000 2998 mox.
1022 2924 1137 3016 aliqua

144 3062 359 3126 occurrunt,
395 3063 420 3110 e,
452 3042 577 3131 quibus
613 3062 705 3132 patet
742 3062 904 3134 quantum
938 3063 1134 3135 prototypo

142 3159 397 3252 respondeant,
437 3181 601 3252 quantum
642 3161 684 3229 ah
721 3182 765 3231 eo
803 3162 1022 3235 divertuntur.
1075 3163 1136 3241 Sit:

143 3279 240 3372 spina
272 3277 437 3362 dorsalis,¹
469 3300 672 3370 quamquam
703 3282 761 3350 vix
791 3280 954 3365 mobilis,
981 3282 1136 3374 reliquo·

142 3422 221 3474 rum
252 3401 523 3473 vertebratorum
555 3398 699 3471 formam
730 3422 809 3493 apte
842 3401 917 3473 satis
949 3406 1082 3489 imitat;
1114 3422 1136 3472 e

141 3524 320 3594 contrario
349 3524 383 3591 in
413 3522 505 3590 omni
533 3522 716 3612 pisce‚·ut
740 3523 774 3591 in
802 3520 1136 3613 quibusdamanum·
1234 3532 1237 3545 '

141 3639 291 3710 malibus
320 3637 552 3731 aquatilibus,
584 3636 626 3707 ad
655 3642 835 3730 prototypi
856 3639 1048 3735 'analogiam
1077 3641 1136 3711 virt

141 3761 312 3829 revocati·
332 3756 474 3850 possunt
500 3759 730 3825 extremitates
757 3755 957 3838 inferiores3
988 3778 1134 3847 quorum

105 3948 110 3955 ,
140 3878 180 3946 in
210 3875 310 3960 aliis,
343 3873 566 3969 ophidiorum
593 3873 714 3959 inlitu,
738 3872 869 3944 nullum
893 3879 993 3945 etiam
1020 3876 1143 3966 super·-

140 4004 196 4064 e'st
223 3983 417 4090 vestigium,
469 3989 544 4085 Ipsa
567 4010 708 4083 quoque
732 3989 896 4080 calvaria,
919 3992 1135 4096 domicilium
1198 4022 1201 4027 ·

507 4158 509 4164 -
598 4100 679 4202 Ᾱς
1085 4132 1142 4183 ce·
