2564 4710
323 373 383 430 uu
419 368 707 429 onmrnrbrs
742 368 954 431 canuto.
1063 363 1133 452 173

140 554 294 625 iacentes
327 552 525 642 prominent
558 546 644 620 duae
678 542 918 636 bullulae,
951 549 1063 622 forma
1094 574 1136 625 aa

147 666 383 765 magnitudine
415 664 664 758 comparandae
697 672 777 739 cuin
807 670 1000 740 eminentiis
1031 689 1138 740 marn·

144 788 339 860 miliaribus
371 786 504 858 cerebri
535 786 699 874 bumaria
731 807 876 881 quarum
909 792 1056 881 parietes
1088 808 1141 860 te·

144 904 325 978 nuissrmae
356 900 495 996 (osseae
525 896 588 975 iint
616 924 659 976 an
684 905 960 977 membranaceae
983 925 1055 977 non
1080 904 1142 977 de·

145 1021 445 1118 terminaverim),
480 1019 627 1096 cultello
657 1043 792 1118 apertae
815 1021 921 1117 (4.)‚
946 1024 1033 1096 viam
1060 1021 1142 1096 dant

146 1140 193 1213 ad
223 1137 332 1233 ipsum
362 1140 545 1234 encephali
575 1160 721 1225 cavum,
755 1143 855 1213 cuius
887 1142 1049 1213 introitus
1080 1163 1141 1213 au·

146 1260 257 1330 terior
278 1276 331 1330 est
359 1250 614 1334 orificium
644 1257 786 1331 ovale
811 1256 907 1353 (a).
958 1255 1032 1330 Hae
1058 1259 1140 1332 bul·

145 1377 242 1453 lulae
268 1379 302 1448 in
331 1378 408 1471 ipso
432 1376 501 1450 hoc
526 1397 614 1450 cavo
635 1381 797 1469 utrinque
823 1378 993 1450 recessum
1020 1395 1143 1472 quent·

102 1550 126 1589 u
146 1493 228 1566 dam
251 1492 403 1582 faciunt;
437 1496 497 1587 qui
522 1515 636 1567 utrum
658 1495 794 1569 auditus
816 1517 964 1592 organa,
989 1517 1031 1567 an
1056 1519 1143 1571 vero

127 1594 300 1707 ‘corpora
340 1611 597 1711 quadrigemina
639 1612 748 1688 aliare
791 1615 926 1687 cerebri
963 1613 1145 1686 tubercula
1181 1614 1183 1618 ’

149 1731 405 1815 continuerint,
439 1729 694 1823 completiore‚
726 1729 750 1802 ii
780 1727 968 1823 aliquando
991 1730 1145 1804 obvene-

150 1851 222 1933 rit,
247 1848 349 1920 huius
381 1850 507 1942 speciei
533 1848 741 1923 dissectione
765 1849 1013 1923 enucleandum
1042 1854 1120 1924 erit.

201 1965 369 2038 Camerae
401 1968 584 2060 superioria
615 1971 785 2062 capacitas
806 1965 849 2038 ad
870 1967 1068 2041 inferiorem
1090 1984 1146 2042 est

151 2114 201 2159 =
225 2102 312 2178 o‚74
339 2107 349 2154 :
376 2102 475 2178 0,73.
526 2080 645 2160 Unica
672 2104 758 2160 vero
795 2105 928 2170 camera
960 2083 1052 2163 Gadi
1086 2106 1144 2162 aa·

155 2198 273 2295 glefini
296 2203 389 2295 capit
419 2200 513 2297 r‚76.
