2564 4710
143 336 213 441 194
380 318 492 396 Cau.
527 323 574 397 V.
611 320 793 397 Sacrto
828 320 894 399 lv.

138 520 279 608 utrique
301 517 481 590 confluunt
509 521 543 590 io
566 517 754 610 capitulum
779 517 888 613 (r.);
920 517 1018 613 quod
1041 539 1133 592 cor·

141 638 274 726 poris
307 631 425 706 locum
461 654 577 719 tenet,
610 633 692 707 duas
717 635 845 710 habens
875 622 982 708 facies
1010 641 1133 708 articu-

142 748 254 835 lares,
290 752 418 844 quibus
449 750 572 824 mobili
603 754 761 825 iuncturi
783 750 977 826 adnectitur
999 752 1066 825 osst
1090 738 1140 824 se?

145 887 277 962 quentr.

563 1101 585 1198 S
638 1127 724 1179 aoo.

205 1343 249 1417 a.
296 1353 595 1423 renotatam,
633 1359 676 1421 os
709 1335 874 1430 planum,
911 1335 1135 1436 triangulare,

148 1453 247 1526 lateri
281 1462 424 1524 extento
456 1454 626 1527 coenosret'
656 1457 704 1524 ita
735 1454 918 1540 adhaeret,
951 1474 993 1526 ut
1025 1476 1136 1551 margo

149 1572 326 1666 posterior
356 1567 510 1639 adiacent
537 1572 602 1642 osst
631 1573 790 1656 humeri,
816 1575 966 1641 anterior
992 1570 1137 1642 clavicu-

150 1687 229 1775 lae3
254 1709 333 1780 pars
356 1707 471 1757 autern
500 1687 656 1782 suprema
683 1707 720 1761 et
747 1710 865 1786 margo
888 1690 1046 1783 superior
1071 1672 1142 1765 uni?

152 1805 268 1881 versut
295 1803 404 1915 liberi·
424 1803 498 1877 sint.

570 2043 593 2135 S
646 2065 732 2121 aot.

205 2279 505 2355 Coenotteon
531 2284 566 2353 in
593 2302 638 2354 eo
661 2280 815 2356 differta
840 2279 942 2355 Gado
968 2276 1013 2374 (§
1041 2275 1144 2375 93.),

155 2399 252 2491 quod
276 2398 377 2471 nullo
402 2398 486 2472 loco
511 2399 657 2483 sormam
684 2402 806 2473 habeat
834 2421 1003 2485 teretem,
1031 2397 1090 2470 sed
1110 2416 1145 2471 tt·

96 2604 99 2609 ¹
155 2519 246 2597 bitis
267 2517 339 2590 sere
364 2504 521 2590 laminam
543 2519 668 2592 reserat
690 2540 846 2603 tenuem,
872 2539 975 2612 atque
994 2520 1042 2590 ita
1063 2514 1142 2591 cot't·

158 2653 307 2723 tortam,
339 2654 380 2706 ut
404 2635 544 2728 planum
571 2639 809 2729 superius,
842 2635 939 2730 quod
970 2634 1143 2709 acromion

121 2829 123 2833 ,
158 2757 307 2848 recipit,
347 2774 488 2827 externa
521 2756 678 2848 spectata
721 2754 928 2826 medium
962 2751 1141 2826 antrotsunt

160 2876 345 2962 flectatur3
376 2875 456 2949 inf
460 2878 589 2946 erius
618 2898 755 2961 autem,
780 2874 892 2946 multo
917 2856 1022 2944 latius
1044 2866 1141 2944 simul·

163 3015 231 3084 que
270 2994 430 3076 tenuius,
464 2994 656 3063 extrorsum
689 2980 788 3064 valde
811 3010 1041 3075 tonuerunt,
1064 2991 1139 3060 intur

160 3131 232 3181 non
266 3112 378 3180 minus
407 3127 553 3196 cavum,
578 3106 720 3182 similem
746 3109 820 3183 fere
845 3128 949 3201 quam
980 3108 1135 3202 superius,

40 3276 53 3287 -
163 3228 285 3300 habeat
317 3226 555 3296 directionem.
582 3249 584 3253 ·

186 3368 188 3374 ⁴
216 3345 251 3419 A
271 3349 428 3457 margine.
442 3346 559 3416 antico
582 3342 675 3437 plani
699 3343 802 3416 huius
821 3338 1028 3438 inferioris,
1053 3337 1136 3412 crit·

110 3486 113 3495 “
170 3485 212 3539 ta
246 3468 392 3560 emergit
434 3469 494 3555 (9.
536 3485 592 3536 to.
634 3462 715 3556 ιι.)
760 3461 850 3537 Gadi
885 3483 957 3535 non
991 3453 1136 3533 disimilis

168 3580 212 3675 (§
248 3582 358 3675 94),
389 3581 450 3651 nifi
478 3583 512 3651 in
545 3602 613 3666 eo,
647 3578 768 3673 quod,
799 3582 915 3676 magis,
936 3578 1137 3677 elongatam

165 3721 258 3796 pone
294 3719 508 3770 coenosteon
550 3700 771 3790 prominens,
800 3716 1023 3801 'externe
1056 3692 1138 3766 etim

166 3817 260 3908 (tab.
287 3814 350 3887 IX.
377 3816 436 3910 sig.
464 3814 550 3910 VJ.)
586 3818 763 3887 maximam
796 3835 927 3907 partem
959 3814 1000 3888 fit
1024 3799 1138 3896 conspi-

166 3959 243 4010 cua.
294 3933 452 4027 Oblique
486 3933 671 4008 retrorsum
703 3933 877 4008 adscendit
902 3932 946 4008 td
974 3933 1137 4033 marginem

1090 4057 1138 4131 OP'
