2564 4710
310 355 360 424 nu
391 350 715 419 urrnuumnrruus
747 351 962 415 caurcium.
1014 390 1017 400 Α
1064 349 1133 417 rer

565 530 588 622 5
640 549 725 625 209.

196 761 366 838 Canum
400 765 533 858 pelvis,
567 788 588 838 a
620 767 793 863 columnis
815 784 852 837 et
873 764 1006 835 laminis
1029 759 1136 855 paulo

148 881 388 958 secedentibus
417 882 547 956 factum
578 881 725 979 stiloque
753 879 845 976 (tab.
871 881 937 973 X.)
960 900 1137 966 notatum,

125 1001 185 1074 ,in
217 999 382 1070 diametro
421 1006 691 1099 coniugata
732 1008 771 1093 (a
805 1001 898 1096 pube
930 1001 974 1073 ad
1007 1001 1139 1072 sacrum

100 1206 102 1213 Ι
150 1118 187 1188 b.
219 1115 268 1205 f.)
299 1115 500 1209 amplissima
520 1140 596 1210 est;
622 1122 779 1190 minimae
801 1141 920 1190 contra
941 1117 1141 1208 capacitatis

146 1235 184 1306 iu
211 1237 516 1321 transversa,
549 1238 610 1307 ubi
641 1237 785 1309 laminae
816 1236 850 1308 se
882 1235 953 1306 fere
984 1252 1139 1330 tangunt.
1208 1286 1213 1295 ,

200 1351 361 1448 Figuram
387 1354 497 1445 pelvis
522 1357 710 1446 universam
736 1378 815 1427 cum
842 1354 935 1446 pelvi
962 1353 1140 1426 Gadorurn

148 1470 334 1543 admodum
358 1478 543 1546 convenire
566 1479 779 1568 reperietur,
801 1474 825 1547 u
849 1474 1027 1548 columnas
1051 1473 1142 1547 Gadi

137 1592 345 1684 cogitemus
378 1594 511 1664 circum
544 1615 658 1665 earum
688 1616 784 1677 atem
809 1598 855 1665 ita
877 1613 1076 1678 contortas,
1100 1611 1140 1663 ut

149 1707 348 1799 superficies
374 1731 536 1781 coxarum
561 1731 595 1781 et
619 1711 701 1782 sacri
724 1712 825 1782 unius
847 1709 961 1782 lateris
985 1710 1139 1801 suprema

149 1825 262 1897 eidem
290 1825 483 1920 superficiei
509 1829 591 1901 ossis
617 1829 767 1922 oppoiiti
791 1830 830 1900 iit
852 1829 1042 1923 applicatur
1068 1849 1141 1919 quo

149 1945 300 2022 artificio
321 1965 446 2018 mutata
466 1946 577 2039 pelvis
598 1947 767 2044 aeglefint'
787 1950 995 2040 proponitur
1013 1947 1081 2016 tab.
1093 1945 1141 2031 X,

148 2063 210 2160 fig.
243 2063 290 2151 Ii.
321 2085 357 2136 et
388 2065 582 2138 morrhuae
605 2067 664 2162 fig.
688 2065 752 2139 111.
804 2064 969 2149 Diductis
997 2085 1138 2151 contra,

148 2184 185 2254 in
205 2180 299 2288 pelvi
318 2180 550 2277 Lampridis‚
575 2186 712 2277 punctis
724 2183 826 2281 (gc),
847 2207 882 2257 et
901 2188 934 2255 in
954 2183 1036 2255 statu
1056 2204 1141 2254 con·

151 2318 264 2410 tactus
293 2300 422 2386 relictis
453 2302 500 2393 (i.
527 2302 610 2396 b.)‚
638 2302 750 2395 peluis
774 2300 853 2373 inde
878 2306 1009 2374 orietur
1035 2299 1137 2374 Gado

147 2416 227 2503 satis
245 2415 379 2502 iimilis,
391 2436 430 2488 ut
449 2420 522 2508 typi
542 2416 727 2489 constantia
742 2420 865 2489 exinde
879 2419 936 2490 fiat
952 2417 1139 2490 manifesta.

202 2533 373 2606 Firmatur
415 2536 525 2625 pelvis
565 2539 653 2609 inter
689 2559 875 2629 utramque
905 2538 1052 2621 ulnam,
1090 2538 1145 2607 io·

147 2653 270 2746 primis
325 2653 475 2746 margine
528 2652 717 2738 inferiore,
767 2676 850 2726 mox
892 2654 1140 2747 ponevlocum

149 2789 332 2860 asperum,
364 2790 436 2860 quo
466 2769 540 2853 oasa
570 2768 696 2859 uinaria
723 2768 855 2848 sibimet
880 2768 957 2860 ipfis
983 2769 1060 2841 sunt
1081 2769 1141 2840 ad·

150 2909 239 2960 nexa
271 2866 364 2979 (tab.
387 2885 434 2958 X«.
460 2885 519 2980 fig.
543 2883 572 2955 Ι.
605 2886 709 2978 14.);
743 2884 864 2958 deinde
889 2887 1139 2980 aduttumqu'c

154 3008 421 3093 caracoideum,
463 3027 609 3101 quotum
653 3026 804 3078 extrema
847 3011 935 3081 inter
969 3009 1002 3081 se
1036 3009 1141 3082 susci·

155 3131 257 3223 piuur
289 3127 450 3224 angulum
487 3125 598 3219 pelvis
631 3130 873 3220 posteriorem.

567 3363 588 3454 S
642 3384 725 3436 210.

200 3621 344 3674 nnnrr
367 3601 489 3693 pinnae
511 3599 670 3672 venttaiis
694 3619 826 3671 tarso.
841 3619 980 3678 carcre,
1003 3617 1037 3669 at
1060 3619 1140 3669 me·

154 3737 343 3805 tatarso.
386 3719 537 3790 instructi
580 3720 651 3803 esse
692 3716 873 3801 videntur,
914 3717 1086 3789 constante
1120 3737 1140 3784 e
1250 3794 1255 3812 ⁸

111 3829 122 3840 ”
154 3836 317 3930 processu
357 3835 603 3939 sphaeroideo‚
638 3834 777 3925 alioque
812 3833 987 3924 planiore:
1023 3831 1142 3924 quales
1206 3847 1210 3862 ‘

153 3957 257 4044 ctiam
289 3957 325 4043 iu
354 3955 457 4028 icone
486 3950 579 4047 (tabi
605 3949 676 4040 X.)
702 3951 882 4044 conspicui
909 3951 1005 4035 sunt,
1031 3950 1143 4042 potis·
