<?xml version="1.0" encoding="UTF-8"?>
<!DOCTYPE html PUBLIC "-//W3C//DTD XHTML 1.0 Transitional//EN"
    "http://www.w3.org/TR/xhtml1/DTD/xhtml1-transitional.dtd">
<html xmlns="http://www.w3.org/1999/xhtml" xml:lang="en" lang="en">
 <head>
  <title>
</title>
<meta http-equiv="Content-Type" content="text/html;charset=utf-8" />
  <meta name='ocr-system' content='tesseract 3.04.00' />
  <meta name='ocr-capabilities' content='ocr_page ocr_carea ocr_par ocr_line ocrx_word'/>
</head>
<body>
  <div class='ocr_page' id='page_1' title='image "./osteographiapis00bakkgoog_0239.png"; bbox 0 0 2564 4710; ppageno 0'>
   <div class='ocr_carea' id='block_1_1' title="bbox 149 299 890 649">
    <p class='ocr_par' dir='ltr' id='par_1_1' title="bbox 149 299 890 649">
     <span class='ocr_line' id='line_1_1' title="bbox 149 299 890 434; baseline 0.005 -21"><span class='ocrx_word' id='word_1_1' title='bbox 149 299 231 434; x_wconf 52' lang='lat' dir='ltr'>stip¹</span> <span class='ocrx_word' id='word_1_2' title='bbox 404 320 890 427; x_wconf 54' lang='lat' dir='ltr'>cantipssemuil</span> 
     </span>
     <span class='ocr_line' id='line_1_2' title="bbox 460 529 728 649; baseline 0.007 -39"><span class='ocrx_word' id='word_1_3' title='bbox 460 645 463 649; x_wconf 10' lang='lat'>⁸</span> <span class='ocrx_word' id='word_1_4' title='bbox 567 529 728 632; x_wconf 62' lang='lat' dir='ltr'>§sip</span> 
     </span>
    </p>
   </div>
   <div class='ocr_carea' id='block_1_2' title="bbox 25 763 1174 3471">
    <p class='ocr_par' dir='ltr' id='par_1_2' title="bbox 25 763 1174 3471">
     <span class='ocr_line' id='line_1_3' title="bbox 41 763 1131 870; baseline 0.004 -27"><span class='ocrx_word' id='word_1_5' title='bbox 41 790 116 857; x_wconf 77' lang='lat' dir='ltr'>Tab.</span> <span class='ocrx_word' id='word_1_6' title='bbox 198 763 384 844; x_wconf 76' lang='lat' dir='ltr'>Procesns</span> <span class='ocrx_word' id='word_1_7' title='bbox 418 777 688 847; x_wconf 81' lang='lat' dir='ltr'>transversi</span> <span class='ocrx_word' id='word_1_8' title='bbox 721 770 769 870; x_wconf 87' lang='lat' dir='ltr'>(i.</span> <span class='ocrx_word' id='word_1_9' title='bbox 794 769 830 847; x_wconf 80' lang='lat' dir='ltr'>i.</span> <span class='ocrx_word' id='word_1_10' title='bbox 855 764 932 867; x_wconf 86' lang='lat' dir='ltr'><strong>l.·)‚</strong></span> <span class='ocrx_word' id='word_1_11' title='bbox 966 775 1006 847; x_wconf 92' lang='lat' dir='ltr'>in</span> <span class='ocrx_word' id='word_1_12' title='bbox 1030 774 1131 847; x_wconf 71' lang='lat' dir='ltr'>serie·</span> 
     </span>
     <span class='ocr_line' id='line_1_4' title="bbox 45 882 1132 986; baseline 0.011 -33"><span class='ocrx_word' id='word_1_13' title='bbox 45 894 117 954; x_wconf 70' lang='lat' dir='ltr'>vii.</span> <span class='ocrx_word' id='word_1_14' title='bbox 147 887 219 961; x_wconf 90' lang='lat' dir='ltr'>bris</span> <span class='ocrx_word' id='word_1_15' title='bbox 238 888 436 981; x_wconf 85' lang='lat' dir='ltr'>prioribus,</span> <span class='ocrx_word' id='word_1_16' title='bbox 463 882 629 980; x_wconf 86' lang='lat' dir='ltr'>obliquos</span> <span class='ocrx_word' id='word_1_17' title='bbox 655 889 874 986; x_wconf 75' lang='lat' dir='ltr'><strong>longitudine</strong></span> <span class='ocrx_word' id='word_1_18' title='bbox 897 891 958 963; x_wconf 80' lang='lat' dir='ltr'>virt</span> <span class='ocrx_word' id='word_1_19' title='bbox 983 889 1132 985; x_wconf 81' lang='lat' dir='ltr'>mpenn·</span> 
     </span>
     <span class='ocr_line' id='line_1_5' title="bbox 53 992 1133 1110; baseline 0.005 -32"><span class='ocrx_word' id='word_1_20' title='bbox 53 993 106 1068; x_wconf 86' lang='lat' dir='ltr'>fig.</span> <span class='ocrx_word' id='word_1_21' title='bbox 149 1024 224 1093; x_wconf 90' lang='lat' dir='ltr'>tes,</span> <span class='ocrx_word' id='word_1_22' title='bbox 259 1005 378 1079; x_wconf 85' lang='lat' dir='ltr'>sensim</span> <span class='ocrx_word' id='word_1_23' title='bbox 415 1006 554 1080; x_wconf 85' lang='lat' dir='ltr'>latiores</span> <span class='ocrx_word' id='word_1_24' title='bbox 588 1008 675 1081; x_wconf 87' lang='lat' dir='ltr'>fiunt</span> <span class='ocrx_word' id='word_1_25' title='bbox 711 992 878 1102; x_wconf 79' lang='lat' dir='ltr'>simulque</span> <span class='ocrx_word' id='word_1_26' title='bbox 914 1010 1133 1110; x_wconf 75' lang='lat' dir='ltr'>robustiores</span> 
     </span>
     <span class='ocr_line' id='line_1_6' title="bbox 43 1094 1134 1218; baseline 0.001 -22"><span class='ocrx_word' id='word_1_27' title='bbox 43 1094 116 1156; x_wconf 84' lang='lat' dir='ltr'>vii.</span> <span class='ocrx_word' id='word_1_28' title='bbox 148 1121 405 1198; x_wconf 88' lang='lat' dir='ltr'>Postremo</span> <span class='ocrx_word' id='word_1_29' title='bbox 450 1143 563 1196; x_wconf 85' lang='lat' dir='ltr'>antem</span> <span class='ocrx_word' id='word_1_30' title='bbox 608 1125 834 1218; x_wconf 84' lang='lat' dir='ltr'>processuum</span> <span class='ocrx_word' id='word_1_31' title='bbox 875 1125 1134 1199; x_wconf 84' lang='lat' dir='ltr'>abdominaliun</span> 
     </span>
     <span class='ocr_line' id='line_1_7' title="bbox 148 1238 1135 1335; baseline 0.001 -21"><span class='ocrx_word' id='word_1_32' title='bbox 148 1245 222 1335; x_wconf 83' lang='lat' dir='ltr'>pari</span> <span class='ocrx_word' id='word_1_33' title='bbox 252 1238 387 1312; x_wconf 90' lang='lat' dir='ltr'>additus</span> <span class='ocrx_word' id='word_1_34' title='bbox 417 1262 470 1313; x_wconf 87' lang='lat' dir='ltr'>est</span> <span class='ocrx_word' id='word_1_35' title='bbox 500 1263 704 1334; x_wconf 86' lang='lat' dir='ltr'>apparatus,</span> <span class='ocrx_word' id='word_1_36' title='bbox 729 1244 941 1317; x_wconf 80' lang='lat' dir='ltr'>conveniens</span> <span class='ocrx_word' id='word_1_37' title='bbox 971 1250 1051 1315; x_wconf 85' lang='lat' dir='ltr'>cum</span> <span class='ocrx_word' id='word_1_38' title='bbox 1079 1243 1135 1315; x_wconf 75' lang='lat' dir='ltr'>lim</span> 
     </span>
     <span class='ocr_line' id='line_1_8' title="bbox 149 1359 1136 1463; baseline 0.003 -31"><span class='ocrx_word' id='word_1_39' title='bbox 149 1359 260 1463; x_wconf 82' lang='lat' dir='ltr'>galati</span> <span class='ocrx_word' id='word_1_40' title='bbox 288 1381 411 1432; x_wconf 84' lang='lat' dir='ltr'>caveae</span> <span class='ocrx_word' id='word_1_41' title='bbox 435 1361 662 1433; x_wconf 84' lang='lat' dir='ltr'>abdominulis</span> <span class='ocrx_word' id='word_1_42' title='bbox 683 1362 856 1435; x_wconf 85' lang='lat' dir='ltr'>universae</span> <span class='ocrx_word' id='word_1_43' title='bbox 879 1359 1030 1435; x_wconf 83' lang='lat' dir='ltr'>fabricat</span> <span class='ocrx_word' id='word_1_44' title='bbox 1050 1376 1136 1435; x_wconf 79' lang='lat' dir='ltr'>nun·</span> 
     </span>
     <span class='ocr_line' id='line_1_9' title="bbox 145 1479 1139 1577; baseline 0.002 -26"><span class='ocrx_word' id='word_1_45' title='bbox 145 1501 219 1572; x_wconf 83' lang='lat' dir='ltr'>¹que</span> <span class='ocrx_word' id='word_1_46' title='bbox 236 1499 363 1567; x_wconf 66' lang='lat' dir='ltr'>⁵eorum</span> <span class='ocrx_word' id='word_1_47' title='bbox 387 1479 567 1570; x_wconf 85' lang='lat' dir='ltr'>apicibus,</span> <span class='ocrx_word' id='word_1_48' title='bbox 591 1481 824 1552; x_wconf 81' lang='lat' dir='ltr'>intercedente</span> <span class='ocrx_word' id='word_1_49' title='bbox 847 1481 1039 1577; x_wconf 81' lang='lat' dir='ltr'>ligamento</span> <span class='ocrx_word' id='word_1_50' title='bbox 1066 1481 1139 1553; x_wconf 79' lang='lat' dir='ltr'>bre·</span> 
     </span>
     <span class='ocr_line' id='line_1_10' title="bbox 150 1588 1140 1691; baseline 0.005 -27"><span class='ocrx_word' id='word_1_51' title='bbox 150 1599 210 1683; x_wconf 81' lang='lat' dir='ltr'>ui,</span> <span class='ocrx_word' id='word_1_52' title='bbox 237 1595 375 1668; x_wconf 90' lang='lat' dir='ltr'>duobus</span> <span class='ocrx_word' id='word_1_53' title='bbox 401 1595 562 1688; x_wconf 86' lang='lat' dir='ltr'>capitulis</span> <span class='ocrx_word' id='word_1_54' title='bbox 585 1595 782 1691; x_wconf 83' lang='lat' dir='ltr'>adiungitur</span> <span class='ocrx_word' id='word_1_55' title='bbox 812 1588 989 1668; x_wconf 82' lang='lat' dir='ltr'>lamella</span> <span class='ocrx_word' id='word_1_56' title='bbox 1021 1616 1140 1671; x_wconf 84' lang='lat' dir='ltr'>osset</span> 
     </span>
     <span class='ocr_line' id='line_1_11' title="bbox 150 1710 1140 1811; baseline 0.001 -27"><span class='ocrx_word' id='word_1_57' title='bbox 150 1712 273 1811; x_wconf 40' lang='lat' dir='ltr'>planap</span> <span class='ocrx_word' id='word_1_58' title='bbox 292 1710 471 1804; x_wconf 82' lang='lat' dir='ltr'>quadrata,</span> <span class='ocrx_word' id='word_1_59' title='bbox 491 1711 681 1782; x_wconf 87' lang='lat' dir='ltr'>antrorsum</span> <span class='ocrx_word' id='word_1_60' title='bbox 699 1713 840 1785; x_wconf 82' lang='lat' dir='ltr'>lunatim</span> <span class='ocrx_word' id='word_1_61' title='bbox 859 1719 1024 1787; x_wconf 70' lang='lat' dir='ltr'>excavata</span> <span class='ocrx_word' id='word_1_62' title='bbox 1038 1711 1140 1808; x_wconf 63' lang='lat' dir='ltr'>(aa.)</span> 
     </span>
     <span class='ocr_line' id='line_1_12' title="bbox 150 1821 1141 1926; baseline 0.001 -24"><span class='ocrx_word' id='word_1_63' title='bbox 150 1827 247 1903; x_wconf 89' lang='lat' dir='ltr'>Huic</span> <span class='ocrx_word' id='word_1_64' title='bbox 273 1848 365 1901; x_wconf 91' lang='lat' dir='ltr'>retro</span> <span class='ocrx_word' id='word_1_65' title='bbox 390 1821 542 1922; x_wconf 78' lang='lat' dir='ltr'>adposita</span> <span class='ocrx_word' id='word_1_66' title='bbox 566 1851 619 1901; x_wconf 90' lang='lat' dir='ltr'>est</span> <span class='ocrx_word' id='word_1_67' title='bbox 638 1829 774 1902; x_wconf 87' lang='lat' dir='ltr'>lamella</span> <span class='ocrx_word' id='word_1_68' title='bbox 795 1833 905 1904; x_wconf 90' lang='lat' dir='ltr'>minor</span> <span class='ocrx_word' id='word_1_69' title='bbox 924 1830 1031 1926; x_wconf 72' lang='lat' dir='ltr'>(n.)3</span> <span class='ocrx_word' id='word_1_70' title='bbox 1057 1842 1141 1926; x_wconf 77' lang='lat' dir='ltr'>quas</span> 
     </span>
     <span class='ocr_line' id='line_1_13' title="bbox 152 1945 1143 2047; baseline 0.002 -27"><span class='ocrx_word' id='word_1_71' title='bbox 152 1947 274 2021; x_wconf 84' lang='lat' dir='ltr'>delinit</span> <span class='ocrx_word' id='word_1_72' title='bbox 306 1950 341 2020; x_wconf 93' lang='lat' dir='ltr'>in</span> <span class='ocrx_word' id='word_1_73' title='bbox 376 1946 576 2041; x_wconf 85' lang='lat' dir='ltr'>processum</span> <span class='ocrx_word' id='word_1_74' title='bbox 609 1947 783 2043; x_wconf 88' lang='lat' dir='ltr'>spinosum</span> <span class='ocrx_word' id='word_1_75' title='bbox 816 1945 1052 2047; x_wconf 75' lang='lat' dir='ltr'>inferiorem,</span> <span class='ocrx_word' id='word_1_76' title='bbox 1078 1952 1143 2045; x_wconf 85' lang='lat' dir='ltr'>pri·</span> 
     </span>
     <span class='ocr_line' id='line_1_14' title="bbox 154 2088 1124 2153; baseline 0.014 -14"><span class='ocrx_word' id='word_1_77' title='bbox 154 2088 260 2140; x_wconf 84' lang='lat' dir='ltr'>mum.</span> <span class='ocrx_word' id='word_1_78' title='bbox 558 2124 561 2129; x_wconf 85' lang='lat'><em>-</em></span> <span class='ocrx_word' id='word_1_79' title='bbox 1004 2140 1008 2149; x_wconf 94' lang='lat'>.</span> <span class='ocrx_word' id='word_1_80' title='bbox 1119 2148 1124 2153; x_wconf 87' lang='lat'>.</span> 
     </span>
     <span class='ocr_line' id='line_1_15' title="bbox 162 2171 1143 2282; baseline 0.004 -28"><span class='ocrx_word' id='word_1_81' title='bbox 162 2242 173 2277; x_wconf 84' lang='lat'>..·</span> <span class='ocrx_word' id='word_1_82' title='bbox 193 2183 290 2279; x_wconf 73' lang='lat' dir='ltr'>¹ilina</span> <span class='ocrx_word' id='word_1_83' title='bbox 322 2183 406 2256; x_wconf 86' lang='lat' dir='ltr'>haec</span> <span class='ocrx_word' id='word_1_84' title='bbox 446 2171 592 2255; x_wconf 75' lang='lat' dir='ltr'>ossicula</span> <span class='ocrx_word' id='word_1_85' title='bbox 625 2188 812 2258; x_wconf 86' lang='lat' dir='ltr'>coniuncta</span> <span class='ocrx_word' id='word_1_86' title='bbox 844 2179 989 2282; x_wconf 82' lang='lat' dir='ltr'>figuram</span> <span class='ocrx_word' id='word_1_87' title='bbox 1021 2181 1143 2263; x_wconf 82' lang='lat' dir='ltr'>habent</span> 
     </span>
     <span class='ocr_line' id='line_1_16' title="bbox 154 2290 1152 2402; baseline 0.002 -27"><span class='ocrx_word' id='word_1_88' title='bbox 154 2301 340 2399; x_wconf 81' lang='lat' dir='ltr'>pyramidis</span> <span class='ocrx_word' id='word_1_89' title='bbox 372 2302 515 2395; x_wconf 83' lang='lat' dir='ltr'>planae,</span> <span class='ocrx_word' id='word_1_90' title='bbox 551 2301 617 2374; x_wconf 85' lang='lat' dir='ltr'>basi</span> <span class='ocrx_word' id='word_1_91' title='bbox 652 2301 710 2374; x_wconf 87' lang='lat' dir='ltr'>sua</span> <span class='ocrx_word' id='word_1_92' title='bbox 741 2303 956 2391; x_wconf 70' lang='lat' dir='ltr'>introrsum,</span> <span class='ocrx_word' id='word_1_93' title='bbox 989 2290 1152 2402; x_wconf 52' lang='lat' dir='ltr'>margini?</span> 
     </span>
     <span class='ocr_line' id='line_1_17' title="bbox 25 2400 1141 2517; baseline 0.006 -27"><span class='ocrx_word' id='word_1_94' title='bbox 25 2486 27 2490; x_wconf 13' lang='lat' dir='ltr'>a</span> <span class='ocrx_word' id='word_1_95' title='bbox 155 2424 221 2497; x_wconf 91' lang='lat' dir='ltr'>bus</span> <span class='ocrx_word' id='word_1_96' title='bbox 250 2421 355 2495; x_wconf 87' lang='lat' dir='ltr'>latera</span> <span class='ocrx_word' id='word_1_97' title='bbox 387 2420 593 2512; x_wconf 88' lang='lat' dir='ltr'>spectantis,</span> <span class='ocrx_word' id='word_1_98' title='bbox 619 2400 720 2493; x_wconf 70' lang='lat' dir='ltr'>cuit&#39;ts</span> <span class='ocrx_word' id='word_1_99' title='bbox 748 2419 935 2517; x_wconf 89' lang='lat' dir='ltr'>longitudo</span> <span class='ocrx_word' id='word_1_100' title='bbox 961 2444 1017 2494; x_wconf 90' lang='lat' dir='ltr'>est</span> <span class='ocrx_word' id='word_1_101' title='bbox 1045 2447 1141 2506; x_wconf 65' lang='lat' dir='ltr'>oon·</span> 
     </span>
     <span class='ocr_line' id='line_1_18' title="bbox 157 2537 1142 2631; baseline 0.004 -18"><span class='ocrx_word' id='word_1_102' title='bbox 157 2538 309 2614; x_wconf 86' lang='lat' dir='ltr'>Ossiculi</span> <span class='ocrx_word' id='word_1_103' title='bbox 342 2542 468 2630; x_wconf 91' lang='lat' dir='ltr'>prioris</span> <span class='ocrx_word' id='word_1_104' title='bbox 500 2537 672 2629; x_wconf 82' lang='lat' dir='ltr'>capitibus</span> <span class='ocrx_word' id='word_1_105' title='bbox 703 2541 885 2631; x_wconf 88' lang='lat' dir='ltr'>processus</span> <span class='ocrx_word' id='word_1_106' title='bbox 916 2544 1142 2617; x_wconf 84' lang='lat' dir='ltr'>vertebrarum</span> 
     </span>
     <span class='ocr_line' id='line_1_19' title="bbox 158 2652 1142 2748; baseline -0.003 -14"><span class='ocrx_word' id='word_1_107' title='bbox 158 2656 334 2734; x_wconf 73' lang='lat' dir='ltr'>transverti</span> <span class='ocrx_word' id='word_1_108' title='bbox 370 2657 584 2748; x_wconf 88' lang='lat' dir='ltr'>posteriores</span> <span class='ocrx_word' id='word_1_109' title='bbox 618 2652 690 2746; x_wconf 91' lang='lat' dir='ltr'>(l.)</span> <span class='ocrx_word' id='word_1_110' title='bbox 725 2654 872 2746; x_wconf 85' lang='lat' dir='ltr'>appoliti</span> <span class='ocrx_word' id='word_1_111' title='bbox 909 2657 1012 2745; x_wconf 87' lang='lat' dir='ltr'>sunt,</span> <span class='ocrx_word' id='word_1_112' title='bbox 1046 2679 1086 2730; x_wconf 94' lang='lat' dir='ltr'>ut</span> <span class='ocrx_word' id='word_1_113' title='bbox 1108 2678 1142 2730; x_wconf 87' lang='lat' dir='ltr'>os</span> 
     </span>
     <span class='ocr_line' id='line_1_20' title="bbox 158 2770 1140 2867; baseline -0.003 -14"><span class='ocrx_word' id='word_1_114' title='bbox 158 2781 289 2856; x_wconf 86' lang='lat' dir='ltr'>sacrum</span> <span class='ocrx_word' id='word_1_115' title='bbox 330 2777 514 2846; x_wconf 88' lang='lat' dir='ltr'>humanum</span> <span class='ocrx_word' id='word_1_116' title='bbox 551 2770 616 2844; x_wconf 88' lang='lat' dir='ltr'>osfi</span> <span class='ocrx_word' id='word_1_117' title='bbox 652 2775 823 2867; x_wconf 84' lang='lat' dir='ltr'>coccygi‚</span> <span class='ocrx_word' id='word_1_118' title='bbox 858 2788 1017 2864; x_wconf 88' lang='lat' dir='ltr'>quocum</span> <span class='ocrx_word' id='word_1_119' title='bbox 1048 2781 1140 2851; x_wconf 81' lang='lat' dir='ltr'>etiam</span> 
     </span>
     <span class='ocr_line' id='line_1_21' title="bbox 159 2892 1104 2995; baseline -0.004 -23"><span class='ocrx_word' id='word_1_120' title='bbox 159 2895 257 2995; x_wconf 92' lang='lat' dir='ltr'>quod</span> <span class='ocrx_word' id='word_1_121' title='bbox 282 2892 324 2965; x_wconf 83' lang='lat' dir='ltr'>ad</span> <span class='ocrx_word' id='word_1_122' title='bbox 351 2893 495 2989; x_wconf 86' lang='lat' dir='ltr'>sormam</span> <span class='ocrx_word' id='word_1_123' title='bbox 518 2911 588 2960; x_wconf 91' lang='lat' dir='ltr'>non</span> <span class='ocrx_word' id='word_1_124' title='bbox 614 2892 730 2982; x_wconf 89' lang='lat' dir='ltr'>inepte</span> <span class='ocrx_word' id='word_1_125' title='bbox 755 2894 947 2980; x_wconf 84' lang='lat' dir='ltr'>comparari</span> <span class='ocrx_word' id='word_1_126' title='bbox 973 2910 1104 2987; x_wconf 86' lang='lat' dir='ltr'>potest.-</span> 
     </span>
     <span class='ocr_line' id='line_1_22' title="bbox 209 3007 1137 3108; baseline -0.002 -21"><span class='ocrx_word' id='word_1_127' title='bbox 209 3011 431 3108; x_wconf 83' lang='lat' dir='ltr'>Marginibus</span> <span class='ocrx_word' id='word_1_128' title='bbox 461 3007 646 3099; x_wconf 86' lang='lat' dir='ltr'>pyramidis</span> <span class='ocrx_word' id='word_1_129' title='bbox 679 3007 875 3079; x_wconf 86' lang='lat' dir='ltr'>lateralibus</span> <span class='ocrx_word' id='word_1_130' title='bbox 907 3013 1003 3083; x_wconf 85' lang='lat' dir='ltr'>iuxta</span> <span class='ocrx_word' id='word_1_131' title='bbox 1029 3012 1137 3106; x_wconf 87' lang='lat' dir='ltr'>sepo·</span> 
     </span>
     <span class='ocr_line' id='line_1_23' title="bbox 160 3131 1174 3221; baseline -0.008 -16"><span class='ocrx_word' id='word_1_132' title='bbox 160 3134 240 3213; x_wconf 85' lang='lat' dir='ltr'>fitae</span> <span class='ocrx_word' id='word_1_133' title='bbox 265 3131 449 3203; x_wconf 86' lang='lat' dir='ltr'>adhaerent</span> <span class='ocrx_word' id='word_1_134' title='bbox 474 3142 621 3221; x_wconf 87' lang='lat' dir='ltr'>quatuor</span> <span class='ocrx_word' id='word_1_135' title='bbox 647 3143 875 3194; x_wconf 86' lang='lat' dir='ltr'>costarum</span> <span class='ocrx_word' id='word_1_136' title='bbox 903 3149 1138 3219; x_wconf 85' lang='lat' dir='ltr'>postremarum</span> <span class='ocrx_word' id='word_1_137' title='bbox 1171 3202 1174 3209; x_wconf 71' lang='grc'>,</span> 
     </span>
     <span class='ocr_line' id='line_1_24' title="bbox 161 3241 1135 3350; baseline -0.008 -26"><span class='ocrx_word' id='word_1_138' title='bbox 161 3255 281 3350; x_wconf 86' lang='lat' dir='ltr'>paria;</span> <span class='ocrx_word' id='word_1_139' title='bbox 314 3246 466 3347; x_wconf 84' lang='lat' dir='ltr'>reliquae</span> <span class='ocrx_word' id='word_1_140' title='bbox 500 3260 616 3313; x_wconf 84' lang='lat' dir='ltr'>costae</span> <span class='ocrx_word' id='word_1_141' title='bbox 647 3262 768 3315; x_wconf 87' lang='lat' dir='ltr'>omnes</span> <span class='ocrx_word' id='word_1_142' title='bbox 796 3241 947 3322; x_wconf 82' lang='lat' dir='ltr'>adnexae</span> <span class='ocrx_word' id='word_1_143' title='bbox 971 3248 1049 3332; x_wconf 88' lang='lat' dir='ltr'>suat</span> <span class='ocrx_word' id='word_1_144' title='bbox 1071 3245 1135 3342; x_wconf 81' lang='lat' dir='ltr'>ipsit</span> 
     </span>
     <span class='ocr_line' id='line_1_25' title="bbox 161 3359 706 3471; baseline -0.024 -23"><span class='ocrx_word' id='word_1_145' title='bbox 161 3368 382 3471; x_wconf 80' lang='lat' dir='ltr'>processibus</span> <span class='ocrx_word' id='word_1_146' title='bbox 413 3359 605 3437; x_wconf 80' lang='lat' dir='ltr'>transversa</span> <span class='ocrx_word' id='word_1_147' title='bbox 627 3359 648 3458; x_wconf 92' lang='lat'>(</span> <span class='ocrx_word' id='word_1_148' title='bbox 670 3361 706 3456; x_wconf 88' lang='lat'>).</span> 
     </span>
    </p>
   </div>
   <div class='ocr_carea' id='block_1_3' title="bbox 961 3605 1135 3696">
    <p class='ocr_par' dir='ltr' id='par_1_3' title="bbox 961 3605 1135 3696">
     <span class='ocr_line' id='line_1_26' title="bbox 961 3605 1135 3696; baseline -0.052 -21"><span class='ocrx_word' id='word_1_149' title='bbox 961 3668 964 3675; x_wconf 92' lang='lat'>.</span> <span class='ocrx_word' id='word_1_150' title='bbox 1017 3605 1042 3696; x_wconf 60' lang='grc' dir='ltr'><strong><em>ς</em></strong></span> <span class='ocrx_word' id='word_1_151' title='bbox 1068 3614 1135 3692; x_wconf 79' lang='lat'>215.</span> 
     </span>
    </p>
   </div>
   <div class='ocr_carea' id='block_1_4' title="bbox 166 3893 1138 4070">
    <p class='ocr_par' dir='ltr' id='par_1_4' title="bbox 166 3893 1138 4070">
     <span class='ocr_line' id='line_1_27' title="bbox 203 3893 1138 3976; baseline -0.005 -17"><span class='ocrx_word' id='word_1_152' title='bbox 203 3899 260 3976; x_wconf 83' lang='lat'>(*)</span> <span class='ocrx_word' id='word_1_153' title='bbox 298 3900 417 3960; x_wconf 87' lang='lat' dir='ltr'>Novem</span> <span class='ocrx_word' id='word_1_154' title='bbox 445 3899 522 3972; x_wconf 84' lang='lat' dir='ltr'>paria</span> <span class='ocrx_word' id='word_1_155' title='bbox 551 3907 696 3954; x_wconf 86' lang='lat' dir='ltr'>costarum</span> <span class='ocrx_word' id='word_1_156' title='bbox 722 3896 819 3970; x_wconf 89' lang='lat' dir='ltr'>priora</span> <span class='ocrx_word' id='word_1_157' title='bbox 848 3893 895 3972; x_wconf 85' lang='lat'>(1.</span> <span class='ocrx_word' id='word_1_158' title='bbox 923 3898 975 3975; x_wconf 89' lang='lat'>9.)</span> <span class='ocrx_word' id='word_1_159' title='bbox 1007 3901 1037 3960; x_wconf 84' lang='lat' dir='ltr'>in</span> <span class='ocrx_word' id='word_1_160' title='bbox 1064 3897 1138 3974; x_wconf 74' lang='lat' dir='ltr'>figur!</span> 
     </span>
     <span class='ocr_line' id='line_1_28' title="bbox 166 3985 1094 4070; baseline -0.008 -15"><span class='ocrx_word' id='word_1_161' title='bbox 166 3993 288 4059; x_wconf 78' lang='lat' dir='ltr'>abscissa</span> <span class='ocrx_word' id='word_1_162' title='bbox 307 3993 392 4065; x_wconf 90' lang='lat' dir='ltr'>sunt,</span> <span class='ocrx_word' id='word_1_163' title='bbox 413 4007 467 4053; x_wconf 90' lang='lat' dir='ltr'>nec</span> <span class='ocrx_word' id='word_1_164' title='bbox 491 3985 730 4064; x_wconf 81' lang='lat' dir='ltr'>non&#39;apophyses</span> <span class='ocrx_word' id='word_1_165' title='bbox 752 3988 879 4065; x_wconf 88' lang='lat' dir='ltr'>spinosae</span> <span class='ocrx_word' id='word_1_166' title='bbox 899 3987 965 4070; x_wconf 85' lang='lat' dir='ltr'>(a.)</span> <span class='ocrx_word' id='word_1_167' title='bbox 988 4009 1094 4054; x_wconf 85' lang='lat' dir='ltr'>omnes.</span> 
     </span>
    </p>
   </div>
   <div class='ocr_carea' id='block_1_5' title="bbox 0 0 1310 4710">
    <p class='ocr_par' dir='ltr' id='par_1_5' title="bbox 0 0 1310 4710">
     <span class='ocr_line' id='line_1_29' title="bbox 0 0 1310 4710; baseline 0 0"><span class='ocrx_word' id='word_1_168' title='bbox 0 0 1310 4710; x_wconf 95' lang='lat' dir='ltr'> </span> 
     </span>
    </p>
   </div>
  </div>
 </body>
</html>
