2564 4710
212 344 307 446 Car.
328 359 375 432 V.
399 349 508 433 Sucr.
527 360 582 434 V:
599 379 646 434 nr
669 374 808 432 ramam
832 362 998 432 annueri.
1051 361 1122 453 rog

191 555 346 626 Similem
389 553 653 650 magnitudinem
697 543 801 626 habet
842 554 1022 647 processus
1058 552 1130 626 de·

142 671 408 756 rcendens,.
438 672 604 765 obliquus
637 658 893 767 posterior
925 670 1032 765 (6.),
1067 674 1129 764 qui

140 808 194 860 est
220 791 256 858 in
282 784 432 884 margine
457 783 645 881 postremo.
697 788 868 881 Utrique,
886 786 928 860 ad
948 782 1053 859 ‘semet
1075 773 1131 880 ¹ip·

142 908 199 978 sos
217 904 481 1000 convergendo,
507 908 730 1012 mucronibus
752 910 899 980 invicem
923 908 1130 1002 iunguntur,

142 1024 240 1116 qnod
257 1025 469 1118 ‘conspicitur
488 1028 524 1098 in
546 1025 674 1123 figurae
696 1026 811 1098 medio
832 1025 876 1099 ad
897 1025 1132 1099 vertebrarum

141 1141 339 1213 articulum.
1211 1141 1214 1144 ’

106 1253 111 1268 “
190 1257 372 1330 Processui
389 1261 587 1354 posteriori
607 1260 830 1355 eiusdemque
852 1261 1030 1334 vertebrae
1049 1267 1133 1352 pio·

141 1377 252 1451 cessui
264 1375 401 1474 spinoso
421 1382 598 1452 interiecta
622 1401 674 1452 est
699 1381 855 1452 lamina
879 1401 1003 1451 ossea
1018 1374 1133 1472 (ως

140 1513 229 1590 quae
253 1508 332 1567 cum
356 1505 505 1591 utroque
530 1498 739 1584 cohaerens,
764 1520 804 1569 ac
827 1501 915 1568 inter
937 1495 1026 1567 duos
1050 1508 1135 1588 prod

139 1613 256 1686 cessus
280 1611 434 1706 spinosos
461 1617 621 1706 utrinque
645 1613 843 1701 confluens,
866 1614 910 1684 ab
938 1613 1033 1683 omni
1056 1632 1134 1702 parr

141 1753 176 1805 te
201 1737 249 1809 ita
275 1732 422 1805 includit
452 1735 663 1807 canalem
698 1734 883 1829 spinalem,
910 1752 949 1805 ut
971 1730 1134 1806 recondi*
1203 1738 1210 1761 ¹

142 1872 197 1926 tus
222 1856 365 1926 omnino
391 1854 528 1926 lateat..
971 1856 975 1861 ’
1043 1854 1050 1865 ’
1128 1852 1133 1867 ‘

189 1969 277 2070 Quo
311 1975 419 2068 magis
449 1956 638 2045 antrorsum
667 1973 709 2044 ad
734 1970 911 2069 regionem
934 1971 1134 2043 abdomina·

143 2089 212 2162 lem
238 2090 470 2180 provehantur
491 2091 689 2175 vertebrae,
715 2112 759 2162 eo
781 2090 958 2185 longiores
984 2087 1133 2163 evadunt

142 2207 325 2300 processus
342 2190 488 2298 obliqui
513 2226 548 2279 et
568 2205 712 2279 laminae
737 2206 996 2299 interspinales3
1022 2226 1134 2299 usque

141 2321 248 2410 dum,
273 2320 584 2394 abdominales
616 2344 708 2394 nunc
739 2321 873 2409 factae,
898 2325 933 2392 in
958 2333 1058 2393 unam
1084 2320 1133 2393 la·

142 2444 270 2513 minam
302 2439 499 2527 confluant,
532 2423 631 2513 cuius
661 2439 846 2538 longitudo
879 2438 922 2510 ad
955 2449 1038 2527 'oon
1074 2454 1135 2512 au·

142 2570 287 2657 getan·
324 2605 327 2609 -
358 2584 368 2591 ··
1126 2558 1131 2573 '

192 2679 386 2752 canalis
417 2702 500 2753 vero
527 2677 689 2771 spinalis,
720 2682 907 2773 capacitate
939 2684 975 2751 in
999 2677 1136 2752 unirerl
1255 2757 1258 2762 ,

142 2799 219 2871 sum
253 2798 439 2895 Aeglefino
468 2820 539 2870 non
568 2797 752 2884 abfimilis‚
777 2799 812 2868 in
840 2797 997 2870 vertebra
1018 2801 1136 2890 priore

142 2915 343 2985 diametrum
382 2914 484 2984 habet
516 2913 836 3007 perpendicularem
868 2943 917 2989 =
946 2914 1060 3000 ooo‚6
1092 2913 1137 2987 ad

142 3032 361 3107 transversam
389 3055 514 3123 ooo‚4.
884 3047 889 3061 ·

191 3148 598 3243 Processurapinosi
620 3148 725 3244 (9.)‚
748 3169 768 3221 a
790 3150 904 3243 spinae
923 3150 1039 3224 medio
1061 3168 1138 3224 ver·

140 3268 201 3342 stra
222 3251 354 3362 partem
379 3270 524 3340 anticam
548 3289 583 3340 et
606 3288 832 3361 postremam,
857 3268 973 3342 sensim
999 3271 1138 3341 brevio·-

144 3386 326 3471 realium,
352 3384 394 3457 ad
419 3385 573 3457 ultimam
598 3405 709 3477 usque
734 3384 924 3456 vertebram
946 3385 1136 3460 caudalcm.

144 3500 242 3575 Haec
276 3502 396 3575 definit
428 3505 464 3573 in
497 3502 721 3573 laminam
761 3500 1136 3605 pyta'midalem‚

145 3619 408 3698 horizontaliter
435 3617 711 3711 complanatam3
736 3637 756 3687 e
787 3618 886 3689 cuius
910 3608 1015 3690 latere
1040 3637 1137 3692 utro·
1172 3680 1189 3709 χ

145 3760 237 3832 que,
271 3737 377 3833 paulo
409 3736 498 3811 infra
532 3737 707 3823 medium,
743 3734 952 3812 transversim
986 3737 1138 3836 exsurgit

143 3861 260 3954 carina
290 3855 443 3952 parvula.
498 3913 502 3923 .
600 3911 605 3919 .

958 4080 963 4091 ’
999 4091 1022 4183 S
1049 4111 1132 4184 214.
