2564 4710
195 353 242 429 aa
442 348 551 429 Cra.
586 352 652 426 ΙΙΙ.
694 342 883 427 stema
911 351 941 427 1.

193 549 230 623 6.
257 569 292 644 7.
324 569 381 622 ra.
432 550 583 623 'suberis
614 573 734 647 margo
768 553 942 643 posterior
967 543 1077 643 (7.)‚
1107 564 1197 641 praa

194 667 339 760 reliquis
378 670 531 755 crassus,
565 668 732 743 foramine
778 670 934 764 pertusus
974 686 1064 752 est„
1092 661 1195 758 quod

167 784 274 857 ¹stilo
303 788 406 880 nigro
436 806 600 874 notatur;
632 787 728 875 hos,
760 786 939 879 praetenso
974 806 1055 855 artu
1089 785 1194 856 osseo

196 895 278 1000 (fig.
314 903 414 978 XIV.
444 903 549 999 tm),
578 929 598 978 a
628 927 715 978 cavo
748 909 854 977 cranii
886 905 1120 986 disiunctum,
1152 925 1197 974 ιι·

184 1008 277 1095 ¹num
309 1024 469 1097 recondit
502 1047 522 1096 e
556 1025 732 1096 canalibus
760 1024 1070 1096 semicircularibus
1094 1022 1197 1113 laby-

196 1144 315 1216 rinthi.
367 1144 550 1216 Foramina
581 1146 666 1216 haec
701 1165 737 1215 et
769 1148 937 1216 arcusin
973 1165 1059 1213 cavo
1086 1142 1197 1212 cranii

197 1265 461 1358 conspiciuntur
492 1265 561 1335 tab.
590 1263 655 1338 Vl.
683 1262 742 1359 fig.
778 1261 851 1369 HI!
884 1262 962 1334 stilo
995 1259 1115 1331 itidem
1141 1261 1208 1330 in·.-

137 1389 166 1430 '·
196 1383 302 1458 misso
328 1380 413 1474 (a.)
438 1382 635 1477 fignificata.
728 1367 729 1376 ἵ

140 1495 144 1506 ’
247 1498 345 1570 Pone
389 1520 424 1570 et
462 1501 561 1591 supra
598 1499 760 1571 foramen
786 1519 864 1591 pars
897 1498 999 1570 huius
1032 1497 1198 1592 marginis

197 1636 373 1712 postrema
405 1615 465 1709 (7.
497 1615 558 1709 ο.)
589 1616 823 1712 adglutinatur
857 1619 924 1688 ossa
956 1614 1116 1709 accipitis
1131 1613 1199 1710 su·

192 1736 365 1830 pariaris.
417 1733 622 1828 Superficiei
652 1739 888 1831 internae.
920 1757 1002 1805 mox
1028 1732 1117 1804 infra
1140 1751 1200 1804 tu·

197 1853 281 1940 ber,
315 1854 479 1947 impressa
512 1874 564 1926 est
598 1858 724 1927 navitas
757 1856 958 1953 glaenoidea
997 1854 1080 1948 (lig.
1111 1851 1219 1925 XV:

85 1998 88 2003 ·
196 1971 285 2066 9.);
319 1971 362 2044 ad
394 1974 494 2044 cuius
523 1975 709 2067 marginem
731 1977 936 2044 anteriorem
959 1972 1121 2062 planities
1143 1988 1201 2042 est

92 2127 105 2141 -κ
131 2080 135 2089 ’
198 2091 316 2163 scabra
342 2088 457 2185 (m),
492 2112 559 2183 qua
588 2092 715 2188 tegitur
737 2090 843 2162 facies
869 2111 1009 2163 externa
1032 2088 1114 2161 oslls
1132 2101 1206 2181 ρει·

200 2205 288 2302 trost
317 2205 401 2306 (fig.
434 2207 499 2280 Xl.
531 2230 567 2299 4.
600 2227 634 2302 5.
658 2208 741 2304 .6.).
793 2209 922 2306 Margo
949 2229 1033 2281 vero
1059 2209 1202 2278 inter·

199 2349 283 2399 nus
314 2324 372 2419 (t.
409 2325 481 2420 7.)
503 2330 695 2399 iuncturam
730 2327 814 2399 facit
846 2350 925 2398 cum
958 2323 1122 2419 processu
1145 2324 1203 2395 in·

201 2464 345 2515 curtato
391 2443 476 2514 alae
517 2464 672 2539 magnae
701 2441 1001 2539 sphaenoidalis3
1038 2463 1202 2537 quaeque

202 2560 306 2632 huius
348 2562 511 2655 marginis
552 2540 768 2632 continuatio
801 2581 853 2634 est
886 2565 1062 2647 anterior.
1095 2564 1203 2650 crista

202 2678 344 2773 parvula
378 2676 498 2767 (to),
533 2678 696 2751 cohaeret
729 2702 809 2751 cum
844 2680 909 2758 ala
936 2694 1074 2772 parata.

251 2797 284 2872 E
328 2798 509 2890 superficie
543 2799 682 2869 externi
714 2797 881 2867 lamina
915 2797 1069 2891 exsurgit
1103 2796 1202 2876 horis

202 2918 348 2991 zontalis
392 2915 451 3010 (4.
494 2916 578 3011 8.);
625 2938 735 3009 quae,
782 2915 882 3007 supra
923 2938 963 2986 os
991 2911 1203 3012 petrosum²

203 3035 323 3107 definit
344 3037 390 3120 win
423 3014 580 3105 laminam
608 3027 862 3128 frontis.(fig.
898 3031 926 3104 l.
962 3031 1021 3126 5.)
1055 3036 1101 3104 ita
1130 3027 1200 3120 nt,

202 3155 238 3224 in
276 3151 429 3242 syntaxi,
460 3149 678 3243 inseparabili
710 3171 802 3246 nexu
838 3151 1024 3225 cohaerere
1060 3148 1209 3223 videam

203 3291 270 3343 tur.
355 3315 360 3326 ·

252 3389 346 3461 Mox
376 3390 475 3482 supra
508 3390 595 3462 hanc
627 3389 811 3478 laminam,
843 3391 932 3482 parti
966 3388 1105 3461 tuberis
1139 3395 1204 3458 ex·

204 3528 316 3580 ternae
346 3509 404 3613 (5.
431 3506 491 3602 6.)
518 3510 706 3612 squamosa¹
723 3507 933 3601 adplicatum
959 3528 1011 3578 est
1038 3528 1078 3577 os
1104 3518 1203 3598 par·

204 3627 315 3700 aetate
347 3625 430 3721 (fig.
457 3624 520 3703 IX.
546 3624 593 3699 X.
621 3625 655 3697 6.
683 3626 755 3717 5.).
808 3623 936 3721 Margo
969 3624 1117 3715 denique
1144 3644 1205 3706 os,-

203 3747 245 3817 srs
277 3742 475 3836 temporalis
509 3745 754 3836 posterior
791 3741 849 3836 (r.
885 3741 943 3836 a.)
979 3761 1015 3813 et
1051 3758 1203 3811 exter·

204 3885 289 3934 nus
315 3867 385 3960 (a.
420 3862 504 3960 3.),Ι
538 3884 603 3951 nep
643 3883 714 3949 non
756 3861 910 3955 universa
951 3859 1023 3957 fere
1059 3855 1205 3952 superii·

1108 3997 1207 4076 iiiia
