2564 4710
246 306 351 445 142⁵
401 403 433 415 -.
464 349 576 426 cn.
609 352 675 427 ill.
710 352 891 432 Secrro
921 353 1006 434 Vll.

655 549 678 642 §
733 571 816 644 141.

286 781 351 856 Vl.
402 782 451 855 R.
485 783 664 857 Sextus
700 785 846 879 oblique
882 786 1066 860 retrorsum
1104 810 1235 883 proce·

237 898 289 972 dit
316 921 337 970 e
367 902 532 995 gangim,
556 902 644 972 inter
665 901 862 973 branchiam
885 906 1027 995 primam
1050 924 1087 977 et
1109 906 1234 980 secun·

182 1104 185 1111 ¹
238 1019 339 1104 dam,
360 1007 708 1115 ibique'dispersasi
733 1019 818 1095 >Est
842 1019 892 1097 N.
919 1025 1092 1122 trigemini
1117 1024 1233 1098 bran·

240 1134 385 1210 thiasis.

656 1323 678 1464 s
734 1392 817 1464 ψ.

174 1621 187 1638 ’·
245 1658 253 1681 r
287 1606 371 1682 Vll.
425 1606 676 1700 Septimus
721 1607 871 1702 denique
908 1627 961 1681 est
1002 1629 1128 1683 nervus
1168 1612 1238 1686 iste

237 1727 337 1802 valde
368 1727 567 1822 singularis,
600 1749 703 1819 quem
732 1729 798 1800 iam
822 1731 997 1824 tetigimus
1019 1731 1055 1801 in
1079 1729 1235 1824 descrip-

241 1849 335 1917 tione
376 1842 601 1916 osstculurum
628 1841 993 1941 supertemporalium
1024 1846 1049 1938 ’ᾗ
1086 1868 1148 1940 30.
1199 1847 1234 1922 E

238 1961 380 2066 ga'nglio
417 1961 525 2057 surgit
558 1963 749 2036 directione
782 1965 939 2037 verticuli
970 1967 1006 2035 in
1038 1967 1148 2037 cranii
1178 1987 1236 2037 ca·

238 2102 345 2163 sum,
364 2101 455 2154 aute
487 2083 621 2170 saccum
656 2083 855 2174 labyrinthi.
906 2082 999 2156 Mox
1031 2082 1093 2155 sub
1126 2087 1234 2160 cranii

237 2203 362 2276 lamina
386 2205 561 2298 superiore
584 2203 751 2277 ramulum
774 2205 830 2278 dai
850 2207 1055 2278 anteriorem
1075 2224 1113 2275 et
1135 2226 1235 2297 post·

238 2320 410 2408 crimem,
451 2344 634 2415 utrumque
677 2322 962 2410 minutissimum,
1000 2325 1036 2395 in
1068 2323 1147 2394 osse
1177 2320 1233 2396 uel

239 2443 382 2513 vasculo
423 2443 597 2516 adiacente
642 2442 844 2535 dispersum.
902 2441 1065 2514 Truncus
1109 2439 1233 2514 deindo

239 2560 421 2632 retrorsum
453 2560 495 2638 de
527 2564 644 2631 cronio
673 2565 768 2645 exit,
803 2583 865 2653 per
895 2558 1143 2633 foraminulum
1173 2561 1231 2634 sub

240 2679 357 2750 medio
388 2670 510 2750 cristae
545 2679 628 2752 osfis
654 2678 856 2774 parletalt's
879 2679 972 2768 (tab.
995 2677 1061 2754 Vl.
1083 2678 1146 2777 fig.
1169 2677 1232 2752 ΠΙ.

245 2818 288 2883 13
325 2796 393 2868 tab.
422 2795 484 2868 lV.
515 2797 576 2892 fig.
595 2795 647 2869 X.
676 2800 746 2892 8.).
800 2796 962 2869 Osstculo
995 2798 1232 2890 supertempo-

239 2915 303 2988 rali
337 2935 473 3000 tectus,
509 2915 609 2988 binos
639 2937 731 2986 nunc
766 2919 944 2987 interiacet
975 2915 1157 3006 musculos
1186 2914 1230 3009 (ς

243 3032 327 3124 30.)
355 3021 566 3123 descriptos.
619 3031 784 3103 Demissis
819 3033 878 3104 hic
913 3032 1075 3119 duobus,
1111 3030 1234 3104 deinde

239 3148 400 3243 pluribus
434 3153 535 3220 ramis
570 3147 946 3234 musculo·cutaneis‚
979 3148 1180 3222 deflectitur
1198 3150 1234 3222 iu

240 3265 377 3339 foveam
411 3269 622 3364 oblongam,
657 3288 744 3358 quae
774 3287 826 3337 est
859 3269 947 3339 inter
971 3266 1159 3340 ossiculum
1183 3267 1237 3339 su·

120 3380 153 3470 s
240 3386 494 3480 pertemporule
539 3363 717 3458 externum
762 3407 803 3457 ac
846 3387 1044 3479 processum
1079 3385 1237 3485 ,longum

242 3489 460 3596 omoplatae3
501 3506 562 3576 ubi
601 3508 728 3600 tegitur
758 3503 854 3575 firma
886 3492 1116 3598 sponsurus,
1149 3524 1237 3598 quse

242 3624 403 3694 musculo
443 3617 640 3718 'longisfimo
675 3613 771 3714 donst
798 3622 957 3694 adhaeret
991 3646 1026 3697 et
1060 3641 1237 3699 coenasset

242 3759 278 3810 et
311 3741 513 3845 operculor
538 3739 705 3845 ramulum
737 3737 794 3811 dat
827 3740 965 3813 osiiculi
990 3737 1238 3839 supertempo-

244 3862 339 3933 ralis
368 3865 570 3954 pnsterioris
601 3883 781 3949 extremo;
817 3865 929 3935 tranfit
964 3860 1152 3962 marginem
1185 3864 1239 3936 su·

245 3985 416 4072 perierem
448 3987 608 4076 corporis
636 3980 776 4054 ovoidei
799 3982 1021 4078 omoplatae,·
1043 3983 1103 4057 hic
1124 4004 1237 4056 ramu-

1164 4101 1236 4172 lum
