2588 4704
327 373 500 428 rememsis
536 368 719 428 lcumena
756 368 961 424 exantlata.
1071 363 1135 425 111

148 575 194 629 us
227 542 315 621 illud
339 524 532 620 'maximum
562 544 844 643 (coenosteom)
866 543 962 638 quod
984 545 1018 615 ln
1041 545 1138 636 pisce

146 670 195 743 ab
228 665 403 758 omoplata
432 685 467 737 et
497 669 654 738 acronio
687 662 883 746 descendit,
906 661 957 732 ad
987 661 1139 733 clavicu-

148 787 207 859 lae
247 785 436 883 analogiam
477 788 584 883 magis
623 781 812 871 accedere,
848 800 949 877 quam
983 779 1058 854 ossa
1088 800 1144 852 rc·

151 901 263 996 liqua.

575 1135 598 1228 §
653 1153 734 1230 113·

213 1369 293 1446 Nec
330 1389 441 1445 tarnen
480 1369 684 1453 claviculam
715 1368 831 1468 solam
867 1367 1004 1456 facere,
1036 1365 1099 1470 ‘sed
1130 1389 1152 1440 e

158 1490 332 1565 clavicula
355 1511 400 1588 etl
413 1488 487 1560 osse
511 1490 643 1561 humeri
667 1491 832 1581 componi
853 1487 937 1559 mihi
954 1487 1066 1571 ,visun
1086 1504 1150 1560 est.

212 1596 445 1704 Argumenta,
476 1627 563 1700 quae
593 1606 636 1679 ad
665 1588 975 1680 hanc'sententiam
1000 1595 1152 1692 ducunt,

161 1727 243 1799 sunt
278 1725 463 1816 sequentia.
831 1744 833 1748 ·

220 1864 252 1918 t.
304 1842 345 1914 In
375 1842 483 1934 priori
512 1841 677 1915 divifione
702 1840 747 1935 (§
773 1838 860 1936 90.)
884 1830 1064 1933 carp'us
1092 1849 1155 1929 cof

163 1961 285 2032 haeret
317 1961 440 2052 partim
475 1981 555 2030 curn
585 1958 754 2045 humero,
781 1959 876 2052 quod
901 1983 920 2030 a
944 1958 1074 2031 fabrica
1096 1979 1157 2054 ge·
1245 1976 1246 1983 ¹

166 2077 277 2153 nerali
310 2099 364 2151 est
386 2078 561 2167 alienum;
603 2101 696 2151 nunc
729 2098 842 2150 autem
876 2099 957 2150 cunr
987 2077 1158 2152 antlbra·

169 2192 260 2269 cato·
282 2192 371 2290 solo.
404 2200 405 2204 ’

224 2337 258 2387 a.
309 2312 567 2385 Brachium
613 2306 890 2385 universum
932 2333 953 2382 a
991 2308 1162 2401 clavicula

170 2433 275 2506 unice
317 2430 489 2524 pendebat
524 2449 612 2502 ante.
660 2426 867 2528 'Rodium'
904 2452 988 2503 vero
1021 2451 1056 2501 et
1089 2451 1163 2502 cu·

171 2550 330 2623 bitum
370 2552 411 2621 ab
456 2547 602 2622 humera
645 2548 814 2622 deducere
855 2551 960 2646 magis
1000 2550 1165 2621 convenit

175 2665 397 2775 cum-(forma
427 2666 626 2742 vertebratis
658 2687 853 2736 commune.
904 2665 965 2736 Sin
988 2686 1101 2735 autem
1125 2663 1164 2734 fi-

176 2786 249 2859 mul
285 2787 500 2860 claviculam
530 2787 695 2879 attingant
728 2787 763 2855 in
797 2787 917 2876 pisce,
944 2782 1165 2857 tribuendum

177 2906 249 2980 hoc
280 2924 332 2977 est
361 2906 481 2975 maiori
512 2903 614 2973 huius
646 2900 729 2973 osfis
759 2901 979 2999 longitudini.

230 3043 265 3116 3.
317 3020 514 3094 Secundum
550 3017 809 3112 dispolitionem
844 3021 968 3092 osfium
1002 3022 1059 3093 hic
1085 3037 1168 3113 pro·

181 3140 348 3233 posnam,
389 3139 641 3209 acromion
678 3159 749 3208 non
781 3159 911 3209 tantum
946 3140 1168 3226 claviculae,

181 3278 300 3329 verunt
338 3258 438 3328 etiam
481 3251 627 3324 humero
660 3255 834 3349 iungitur,
868 3253 952 3327 loco
984 3256 1045 3328 ubi
1078 3277 1177 3345 utra<
1251 3243 1256 3246 ⁵

185 3395 252 3467 que
297 3375 380 3446 haec
426 3372 501 3444 ossa
544 3369 746 3458 confluunt,
789 3369 886 3462 quod
919 3370 962 3443 ab
996 3372 1203 3469 harmonia!

188 3491 340 3564 universa
372 3492 485 3562 tninus
513 3485 656 3561 recedit.

1138 3629 1190 3698 4..

193 3840 323 3900 nimirum
353 3837 416 3898 osse
445 3836 601 3895 retinentur
627 3834 781 3908 scapulae,
809 3847 845 3895 ne
871 3837 1054 3902 brachiorum
1082 3841 1176 3900 motui

194 3935 311 3993 nimium
342 3931 500 4000 cedentes,
530 3930 597 3986 alias
628 3927 795 3987 functiones
825 3936 1002 4004 perturbent.
1043 3936 1120 3994 Hinc
1149 3938 1179 4001 in

194 4029 295 4087 avibus
324 4039 354 4087 et
379 4024 584 4100 vespertilione
604 4020 678 4081 adeo
698 4023 834 4084 robustae
853 4027 919 4091 sunt
940 4043 996 4093 trau
1017 4029 1180 4092 claviculae

195 4117 293 4193 ipsae,
324 4134 408 4196 quatu
437 4116 522 4193 etiarn
549 4113 612 4181 orla
641 4115 822 4185 conuolare.
