2588 4704
158 371 227 443 iro
395 348 501 440 Car.
539 343 616 439 111...
641 365 815 441 Securo
848 345 894 443 ld.

561 552 585 653 §
640 580 721 634 rra.

477 794 813 869 Coenosteon.

201 1028 403 1103 Claviculae
439 1034 473 1102 in
505 1031 707 1104 animalibus
741 1028 917 1102 character
948 1048 1003 1103 est
1034 1050 1138 1128 gene·

151 1148 254 1232 ralis,
290 1145 384 1241 quod
418 1146 574 1239 scapulae
604 1149 765 1242 iungatur
793 1167 833 1216 ac
865 1145 990 1218 sterno.

200 1267 240 1341 In
270 1268 389 1340 avibus
421 1265 551 1358 duplex
581 1284 655 1350 est,
683 1262 821 1356 speciali
844 1266 1004 1355 corporis
1026 1266 1140 1337 motui

150 1386 325 1479 adaptatae
359 1385 527 1458 clavicula
556 1387 666 1476 prima
695 1380 892 1454 columnam
924 1381 1031 1455 refert
1067 1383 1140 1455 fere

152 1505 401 1596 cylindricam3
444 1525 554 1595 quae,
595 1525 617 1575 a
654 1501 790 1592 scapula
831 1501 954 1574 leniter
993 1522 1143 1575 corruere

151 1623 266 1722 gendo
309 1621 350 1694 ad
392 1622 607 1713 oppofitam,
648 1620 715 1691 basa
754 1620 874 1691 latiore
913 1619 1069 1693 firmatur
1099 1620 1145 1695 ad

151 1744 337 1835 marginem
376 1739 567 1829 supremum
601 1736 773 1808 lateralem
806 1737 918 1833 ilerni.
979 1737 1146 1811 Clavi·

152 1855 369 1929 aulana?
387 1860 497 1945 δξοχιίν
529 1855 613 1925 haec
644 1857 811 1925 nominari
844 1853 942 1941 soleta

158 1966 162 1971 ’
201 1970 345 2057 Altera,
380 1972 564 2044 surcula
592 1971 785 2064 appellata,
812 1971 931 2043 itidem
956 1989 977 2045 a
1001 1971 1144 2066 scapula

151 2096 375 2192 progreditur
404 2095 570 2188 simulque
600 2117 620 2165 a
650 2094 835 2178 columna,
861 2115 896 2167 et
921 2114 1001 2167 eum
1025 2116 1146 2187 oppo-

152 2215 211 2286 fita
241 2217 406 2287 coalescit
434 2214 477 2285 ad
511 2215 661 2285 medium
692 2216 851 2310 marginis
883 2214 1033 2307 supremi
1059 2214 1143 2287 iler-

152 2340 212 2418 nl‚
246 2339 280 2405 in
310 2335 386 2405 aliis
416 2334 458 2404 ad
488 2337 562 2405 eius
592 2336 726 2405 cristam
756 2332 896 2405 adnexa.

203 2446 303 2521 Hanc
324 2454 436 2521 avium
460 2449 679 2519 surculam
702 2451 893 2542 comparari
913 2447 1041 2520 debere
1061 2466 1145 2519 cum

152 2567 333 2656 utriusque
355 2566 469 2635 lateris
492 2565 661 2663 clavicula
692 2567 856 2652 humana,
885 2589 905 2638 e
924 2565 1144 2658 reliquorum

152 2684 422 2754 vertebratorum
464 2682 619 2778 analogia
659 2675 860 2757 sufficienter
900 2684 1144 2757 demonstrasse

154 2801 290 2873 videtur
321 2823 651 2888 ouovrrtouusa
680 2825 794 2895 neque
825 2808 956 2876 minore
987 2808 1065 2875 iure
1094 2801 1143 2873 al·

154 2921 217 2988 teri
241 2917 453 3001 claviculae,
481 2919 536 2989 seu
562 2919 801 2992 columnae
828 2920 1055 3008 claviculam,
1079 2943 1143 2994 uo·

154 3052 232 3105 men
263 3033 462 3126 imposuisse
488 3031 565 3126 ossts
591 3038 810 3124 coracoidei,
838 3039 933 3132 quod
958 3043 994 3110 in
1020 3042 1144 3112 avibus

153 3154 295 3225 omnino
331 3150 567 3242 completum,
604 3157 638 3226 in
675 3157 816 3251 reliquis
850 3160 1074 3251 permanserit
1105 3164 1142 3235 in

42 3328 44 3334 .
152 3271 259 3346 sladio
290 3270 500 3343 evolutionis
527 3273 640 3364 primo
666 3272 743 3369 (Ὀ.
794 3276 957 3372 Sequitur
990 3278 1142 3365 exinde,

1101 3418 1143 3471 os

194 3560 249 3637 (*)
289 3561 317 3619 Si
351 3561 494 3621 clavicula
522 3563 553 3620 in
584 3563 700 3621 homine
731 3577 795 3624 ante
824 3580 921 3625 omncs
948 3569 1141 3627 extremitatis

155 3656 309 3730 superioris
345 3671 459 3728 partes,
496 3656 531 3714 ad
566 3658 722 3729 plenarium
755 3659 954 3721 ossriicationis
988 3664 1142 3721 terminum

154 3754 338 3828 pervenerit;
367 3753 387 3811 sr
416 3753 490 3811 idern
518 3755 700 3816 observemus
720 3758 749 3814 in
771 3758 884 3817 furcula
904 3763 1022 3833 avium3
1046 3778 1142 3822 nonne

154 3861 184 3908 et
214 3847 268 3905 hac
301 3845 498 3904 observatione
529 3847 639 3920 aliquid
671 3849 783 3908 additur
815 3854 928 3911 veritati
960 3854 1049 3913 huius
1080 3857 1142 3915 seu·

96 3962 101 3973 ·
145 3926 285 4000 tentiae?
325 3936 373 3994 Sic
403 3937 487 3993 etiam
518 3935 683 3998 functio
714 3943 875 4002 claviculae
904 3946 1060 4007 surcularis
1079 3964 1140 4005 our·

156 4036 226 4093 nino
253 4028 408 4105 respondet
430 4028 574 4090 functioni
596 4033 757 4094 claviculae
779 4032 988 4100 mammaliumr
1013 4052 1139 4117 utruque
