2564 4710
283 394 340 445 ΒΕ
378 394 736 449 chTHYOLOGIA
771 394 1010 467 Qununnu.
1121 396 1144 468 5

208 798 321 873 Altera
360 804 458 876 causa
495 803 685 896 quaerenda
720 823 772 875 est
808 805 844 874 in
880 804 1008 874 ineerta
1043 800 1144 876 valde

168 934 199 985 ac
234 919 422 1011 disparata,
458 944 545 1014 quae
577 924 679 992 uariis
713 919 952 1016 osteographis
988 939 1064 1004 est,
1099 921 1143 993 de

167 1031 269 1108 sceleti
306 1041 478 1128 piscium,
516 1060 595 1110 cum
632 1037 774 1129 reliquis
810 1032 1012 1108 animalibus
1046 1059 1144 1109 com·

164 1156 281 1242 parati,
304 1154 459 1251 analogia
483 1157 538 1227 seu
562 1159 708 1247 partium
732 1155 989 1250 significatione.
1041 1154 1143 1253 Quae

160 1271 291 1359 quidem
325 1274 450 1359 dubia,
487 1277 640 1366 quamvis
672 1272 715 1345 ad
746 1277 922 1345 veritatem
956 1261 1142 1367 physio·

155 1385 348 1481 logicam
378 1390 525 1475 ducant,
556 1392 598 1462 ab
621 1389 724 1463 altera
744 1412 840 1482 parte
864 1393 1022 1462 scientiae
1045 1413 1141 1463 ana·

154 1509 351 1587 tamicae
381 1527 511 1577 morant
541 1506 712 1579 obiiciunt
741 1527 776 1579 et
802 1506 987 1578 obstacula.
1038 1506 1142 1579 Prae·

150 1642 304 1714 terquatn
348 1626 437 1693 enim
480 1622 576 1716 quod
616 1625 874 1699 numerosorum
911 1628 986 1713 iam,
1014 1625 1140 1698 oslium

147 1746 289 1827 numina
322 1740 619 1834 multiplicentur,
654 1744 868 1851 reliquorum
906 1764 1046 1849 quoque
1083 1766 1141 1817 ot·

1079 1883 1139 1959 8²·

141 2106 420 2165 nosnuuunu,
449 2095 529 2155 Uber
553 2095 599 2154 die
623 2094 750 2171 Bildung
773 2096 821 2156 dea

183 2184 400 2260 Flossengraten
428 2200 481 2246 etc.
504 2193 536 2246 in
554 2189 633 2246 Reils
657 2201 687 2246 et
705 2190 817 2247 Auten-

184 2277 277 2355 rt'eth,
295 2279 406 2340 Archia
419 2280 478 2356 fiir
495 2282 542 2339 die
559 2278 674 2356 Phyfiol,
693 2292 821 2343 tom.1o.
850 2278 969 2338 Fabrica
992 2278 1136 2339 radiorum

423 2364 425 2374 ’
798 2372 955 2448 pinnalium
975 2371 1077 2430 Esocls
1094 2374 1136 2430 lu·

797 2458 855 2537 cii,
869 2467 973 2527 Parcae
985 2467 1141 2540 leucopet-

721 2630 724 2636 ,
793 2575 866 2630 cae,
886 2576 919 2618 ac
939 2558 1062 2624 ditonum
1074 2561 1135 2635 Cy,

795 2654 953 2729 prinumut.

138 2764 164 2809 ιι
178 2761 284 2818 unu,
324 2747 465 2823 Beitrdge
496 2750 553 2808 air
582 2746 714 2821 Zoologt‘e
742 2736 801 2806 etc,
966 2816 969 2821 ¹

186 2844 279 2912 1820,
297 2856 346 2916 4⁰.
396 2881 798 2902 .........
837 2840 936 2915 Caput
961 2830 1134 2907 ¹Anauriultae

796 2933 870 3005 lupi.
970 2974 974 2981 -

141 3043 310 3098 canus,
336 3028 401 3086 l.c
404 3065 754 3087 ........
792 3026 887 3100 Varia,
926 3096 928 3101 ,

140 3138 164 3182 c
177 3138 276 3180 uvia
288 3140 329 3192 u,
349 3121 440 3181 Mem.
461 3121 499 3179 da
518 3095 661 3193 Muscam,
683 3132 751 3180 tom.
765 3137 796 3195 4.

124 3264 127 3269 .
184 3218 248 3274 tab.
268 3235 316 3274 22.
356 3256 365 3289 ,
406 3255 756 3275 ........
796 3212 921 3272 Maxilla
939 3214 1073 3287 Myletis.

184 3310 333 3368 Generalia
358 3306 495 3382 quaedam
526 3307 708 3379 osteologica
732 3303 769 3375 de
789 3306 921 3379 piscibus
942 3307 1132 3380 cartilagineis

139 3417 174 3463 et
194 3405 281 3463 osseis
301 3402 468 3481 descripfit,
497 3402 632 3461 iconibus
659 3401 766 3470 etiam,
792 3413 819 3457 at
846 3403 939 3458 minus
958 3402 1053 3470 bene,
1083 3418 1132 3459 ex·

139 3498 243 3576 pressat
273 3515 373 3574 vch
393 3497 596 3557 u'nzuntu
609 3514 643 3566 s,
662 3494 692 3551 in
709 3492 800 3567 Meta.
815 3492 943 3582 present.
961 3497 982 3552 ὰ
1000 3493 1132 3567 I’Acad,

139 3597 234 3671 royal.
254 3594 301 3652 des
317 3593 421 3667 selenc.
455 3593 537 3651 Arma·
558 3606 642 3668 1773.

181 3690 274 3747 Hisce
301 3687 453 3755 addantur,
482 3685 552 3742 mihi
582 3701 639 3742 non
659 3683 717 3749 vila

138 3799 341 3861 usuouw,
361 3776 527 3839 Seltenheit.
547 3778 600 3836 der
609 3776 722 3837 Natur.
762 3775 851 3835 Pinna
869 3775 1017 3847 thoraclca
1034 3774 1127 3835 Siluri.

140 3890 321 3946 ananus,
342 3872 465 3951 spicileg
466 3909 726 3931 ......
765 3868 895 3925 Sternum
911 3867 1049 3927 Salmous
1068 3885 1129 3943 gas·

548 3964 551 3968 '
765 3975 827 4022 tero
845 3963 953 4038 pelecl.

595 4089 678 4183 Aa
