2564 4710
224 362 293 434 128
452 360 561 433 Cur.
597 353 662 432 ili.
698 358 874 432 Subrio
907 359 972 432 vl.
1014 382 1017 391 ·

214 549 350 632 tenuior
379 555 504 626 'evadit
542 577 606 626 nec
638 577 732 638 non,
760 578 779 628 a
813 555 959 654 gelatina
995 553 1203 628 subcutanea

214 672 433 767 c‘opiofiore‚
465 671 506 740 ad
538 693 701 744 attactum
733 673 885 744 molliora

210 767 215 780 ⁸
260 790 440 886 Infigniter
466 809 579 861 autem
607 791 804 862 diminuitur
827 795 900 862 eius
923 788 1085 875 deniitae,
1109 808 1200 883 oms

167 979 170 983 ,
210 912 349 982 circiter
369 929 472 1000 -pone
506 907 656 978 radicem
688 907 769 977 radii
803 908 928 978 medii:
968 908 1051 991 ubi,
1074 906 1204 978 colore

210 1030 285 1098 eius
305 1024 578 1096 atro-maculato
599 1019 632 1093 in
652 992 795 1120 giiseum
813 1044 968 1106 mutato,
983 1023 1200 1117 regularem,

207 1147 244 1217 in
281 1144 506 1237 quibusdam,
547 1146 659 1239 pingit
699 1165 817 1214 arcum
852 1143 976 1216 circuli
1006 1142 1199 1213 latitudinis

208 1271 345 1355 obius,
379 1261 478 1351 super
510 1278 629 1330 omnes
656 1258 769 1331 radios
791 1280 995 1331 currentem.
1047 1257 1105 1327 Ab
1130 1258 1198 1328 bu·

206 1381 261 1450 ios
298 1381 446 1473 margine
478 1396 680 1468 postremo,
716 1392 899 1463 convexo,
934 1378 1100 1473 nigrescit
1132 1376 1201 1446 ite·

209 1506 286 1572 tom
308 1515 427 1587 usque
456 1492 500 1565 ad
528 1493 653 1566 caudae
686 1493 787 1565 finem
814 1492 891 1591 (*)r

720 1628 727 1670 i

625 1735 646 1825 §
703 1734 784 1806 128.

255 1964 467 2039 Moretur
498 1968 603 2045 cauda
634 1968 772 2062 duplici,
794 1987 955 2063 apparatu
981 1964 1194 2058 musculari3

205 2075 353 2182 quotum
370 2091 508 2179 ‘primus
527 2090 760 2186 magnitudine
782 2080 822 2160 ae
839 2078 971 2159 'robore
993 2096 1071 2159 cum
1092 2086 1197 2158 nullo

205 2210 394 2300 comparari
426 2219 552 2300 potest.
605 2208 662 2278 Ad
691 2210 782 2280 bunc
816 2227 1012 2299 apparatum
1044 2226 1200 2278 concur·

205 2318 285 2397 nint
319 2340 467 2416 quatuor
498 2326 735 2398 musculorum
774 2330 888 2418 pario,
930 2324 1015 2416 quoe
1054 2317 1197 2409 omnia,
1261 2377 1265 2385 .

205 2440 267 2512 suo
299 2441 605 2531 quodque-loco,
648 2435 773 2514 finibus
814 2445 993 2514 attenuatis
1038 2441 1199 2565 depuunt

203 2559 240 2627 in
273 2559 455 2648 processus
488 2558 670 2629 radiorum.
747 2610 750 2614 -
1047 2547 1092 2626 ‘L

215 2690 238 2711 ··
260 2694 291 2744 1.
341 2674 373 2744 Α
409 2672 542 2769 fingulo
577 2674 681 2745 latere
713 2673 782 2746 duo
809 2670 883 2746 sunt
908 2676 1077 2761 musculi,
1106 2696 1199 2768 pen·

202 2795 307 2866 nttitn
330 2792 392 2865 fibi
413 2795 606 2866 adiacentes
627 2798 720 2866 iuxta
740 2795 859 2866 lineam
884 2799 1042 2888 corporis
1063 2794 1198 2867 media·

201 2934 304 2997 namt
349 2935 495 3001 quorum
534 2914 764 3003 superior
797 2913 987 2985 adnectitur
1021 2900 1197 3005 pincesi-

109 3016 112 3022 ’
201 3022 274 3100 bus'
309 3027 458 3117 spinosrs¹
479 3024 681 3121 supremis,
723 3027 940 3100 inferior
975 3029 1196 3124 transrerfis

201 3136 251 3217 ac'
266 3144 420 3241 infimis,
440 3149 576 3236 utrique
599 3150 808 3238 corporibus
830 3149 1083 3237 vertebrarum
1103 3170 1195 3242 pro·

202 3268 344 3334 veniunt
372 3274 392 3333 b
423 3282 613 3334 coenosteo
645 3283 680 3332 et
712 3265 787 3334 osse
819 3263 1039 3337 coracoideo.
1132 3292 1135 3297 ·

249 3379 407 3454 Musculi
442 3379 590 3452 dorsales
624 3381 668 3474 (b
696 3384 779 3476 30.)
810 3384 969 3473 utrinque
1003 3379 1065 3451 fibi
1096 3381 1193 3453 adia·

1105 3519 1193 3570 cent

207 3774 211 3781 .
237 3728 293 3807 (i)
332 3731 358 3788 E
397 3729 491 3788 Gado·
516 3727 638 3797 Malva,
678 3731 781 3789 circuli
812 3730 889 3788 hunc
921 3746 1018 3789 arcum
1049 3728 1190 3805 depinxit

200 3841 442 3901 riovTTuiN,
473 3824 616 3885 Natuurl.
639 3822 757 3884 historie
778 3825 830 3883 der
850 3825 947 3883 dieren
968 3845 1051 3896 enm,
1073 3828 1191 3902 volgens

200 3915 250 3978 het
278 3915 431 3990 zamenstel
439 3936 511 3995 ,ran
533 3932 604 3975 ΗΝ
613 3933 662 3974 ΝΑ
673 3935 690 3975 Ε
702 3935 722 3976 υ
733 3937 758 3976 S.
782 3915 896 3992 Amstel.
922 3921 1005 3995 1764.
1027 3904 1095 4001 tom.
1116 3921 1189 3983 VII.

199 4011 262 4072 rab.
285 4007 372 4068 LIX.=
376 4009 426 4084 fig.
447 4009 498 4066 IV.
537 4008 689 4082 Aegleiino
718 4010 817 4081 deest3
844 4010 1031 4085 quodetiam
1053 4004 1189 4073 inomni

198 4104 396 4163 Morrhua-
422 4120 480 4163 uon
506 4103 673 4173 invenitur,
704 4120 762 4163 nou
790 4105 896 4180 pendit
924 4122 941 4164 a
966 4106 1049 4167 sexu.
