2564 4710
402 607 707 690 sucuro
770 611 940 726 tu„

199 867 251 936 ur
288 867 726 948 extramuranus
763 867 1039 959 arciatrum.

549 1360 570 1450 i
624 1359 684 1432 aa.

131 1632 140 1644 ·
170 1589 346 1666 Notabilis
377 1613 429 1667 est
453 1596 601 1668 tranfitio
622 1617 644 1668 a
665 1584 849 1690 reptilibus
879 1594 1111 1691 ophidiis,

105 1711 243 1789 quibus
265 1713 368 1786 nulla
388 1714 464 1786 sunt
485 1715 637 1788 membra
659 1719 833 1802 motoria3
858 1737 921 1808 per
942 1716 1110 1810 quaedam

89 1831 292 1916 enoria,
325 1851 412 1924 quae
441 1831 632 1924 completas
657 1832 783 1904 babent
806 1831 894 1908 solas
916 1837 1111 1907 ext-remita·

66 1945 170 2015 ntes
200 1947 463 2036 abdominum,
495 1950 538 2020 ad
573 1952 688 2042 pisces
720 1949 926 2042 apodes,
964 1950 1112 2045 pedibus

93 2044 324 2154 destitutosq
359 2088 394 2138 et
415 2068 457 2138 ab
482 2067 535 2137 his
557 2052 600 2137 ad
622 2065 800 2160 reliquos,
826 2070 887 2158 qui
913 2088 1111 2162 utroque

84 2179 264 2270 gaudent
295 2207 500 2283 organorum
531 2189 778 2275 natatoriorum
808 2206 985 2278 apparatu.

168 2301 384 2405 Quamquam
408 2309 442 2376 in
465 2303 622 2398 piscibus
644 2303 809 2398 perfectis
833 2324 977 2398 utraque
1002 2325 1109 2394 mem·

75 2389 177 2491 bra
196 2425 231 2493 in
253 2445 297 2495 eo
321 2443 574 2517 cooperantur,
594 2421 711 2517 quod,
736 2420 961 2520 gubernaculi
984 2423 1106 2512 instar,

68 2511 265 2635 elirigunt
299 2547 458 2635 corporis
492 2535 623 2614 rnotum
659 2539 781 2630 (cuius
803 2563 918 2614 autem
941 2564 1109 2640 organum

42 2644 306 2753 Principale
332 2682 384 2733 est
407 2659 556 2756 cauda),
584 2662 740 2752 priora
763 2679 898 2744 tamen,
925 2681 1004 2731 cum
1030 2662 1107 2752 ipso

58 2756 255 2847 tlaorace
299 2778 488 2848 antrorsum
532 2793 698 2868 provecta
742 2795 776 2845 et
816 2778 921 2868 capiti
954 2775 1116 2866 adnexa,

54 2876 322 2970 beneco-ora
354 2894 485 2988 semper
516 2893 591 2963 sunt
622 2895 799 2988 magisque
821 2891 1007 2966 elabomta.

161 3011 282 3110 Quum
305 3035 415 3104 uero,
437 3015 472 3084 in
495 3012 647 3084 universo
669 3015 883 3083 extremitate
906 3014 1106 3103 thoracica,

54 3113 245 3202 *wiotum
279 3129 371 3202 hunc
403 3129 593 3223 mandatum
624 3132 780 3223 inprimis
804 3133 1011 3223 reperiamus
1037 3113 1108 3204 ma·

48 3237 169 3323 hui
191 3272 233 3322 ac
256 3250 394 3348 digitis,
415 3271 451 3320 et
473 3248 605 3342 reliqua
625 3247 776 3335 eiusdem
796 3249 941 3338 membri
959 3273 1106 3347 organa,

65 3369 366 3464 Quantumlibet
396 3368 537 3463 insignia
566 3387 667 3459 qtque
692 3365 856 3448 robusta,
884 3363 947 3459 p'er
970 3369 1105 3463 amphi-

63 3487 278 3563 {arthroun
311 3487 383 3560 fere
418 3487 481 3559 stnt
516 3487 725 3569 coniuncta3
762 3483 937 3578 sequitur,
971 3509 1105 3580 praeter

80 3605 300 3691 mouendi,
332 3605 431 3676 aliam
458 3604 579 3674 borum
612 3621 820 3696 organorum
854 3604 889 3673 in
912 3607 1007 3696 pisce
1032 3607 1105 3680 esse
1147 3641 1151 3649 ·
1222 3702 1223 3707 Ἰ

80 3725 318 3811 Utilitatem
359 3743 461 3816 quam
498 3739 607 3791 tamen
642 3717 721 3790 srtus
752 3731 873 3790 eorum
907 3742 941 3793 et
973 3745 1102 3810 nexus,
1159 3729 1162 3738 '

91 3858 214 3947 quqm
247 3843 320 3919 fere
353 3846 483 3933 semper
508 3820 635 3910 babent
655 3858 736 3909 cum
758 3861 921 3932 apparatu
944 3843 1104 3916 branebi·
1153 3838 1156 3842 “

99 3960 180 4054 ³¹¹2
214 3962 316 4038 facile
350 3961 477 4036 docent
507 3960 542 4029 iu
575 3978 621 4028 eo
653 3955 862 4048 confinem,
900 3979 939 4031 ut
974 3981 1105 4036 teneras

572 4072 650 4170 F5
1019 4079 1130 4164 surn-x
