2564 4710
289 342 884 422 nuruuttco‘nuonurrur.
1012 369 1078 423 tar

143 541 176 614 E
210 538 322 612 radice
357 563 478 623 arcus,
515 543 613 636 super
643 545 828 640 marginem
856 545 931 614 cavi
955 546 1082 618 articu-

88 660 172 732 laris
204 663 332 740 antici,
376 663 536 751 utrinque
581 660 708 752 prostat
742 661 921 751 processus
953 684 1081 754 perpu-

89 778 186 850 iillus
204 776 305 869 (5.)‚
329 777 494 872 analogos
519 777 703 870 obliqui
729 778 980 868 superioris.
1022 778 1081 852 Ad

93 894 221 965 faeiem
251 916 334 965 vero
369 916 597 986 postremam,
634 917 653 966 e
687 894 810 967 lamina
845 896 915 988 ipsa
949 900 1081 989 promi·

90 1032 198 1095 nent,
236 1009 451 1106 longitudine
486 1011 558 1083 fere
592 1011 789 1104 duplicata,
816 1013 997 1103 processus
1023 1017 1082 1086 in·
1166 1005 1169 1009 ’

89 1127 112 1199 f
115 1130 295 1199 etiores
322 1126 577 1220 (posteriores)
599 1126 693 1219 (6.).
745 1125 821 1198 Hos
847 1131 941 1199 inter.
961 1150 996 1199 et
1020 1130 1080 1203 ba·

88 1246 140 1317 lin
162 1268 285 1332 arcus,
317 1246 417 1339 super
443 1251 627 1342 marginem
655 1250 832 1338 utriusque
858 1245 1000 1317 laminae
1025 1249 1080 1321 su-

88 1388 273 1459 premum,
310 1367 456 1438 incisura
488 1367 694 1459 relinquitur
728 1389 794 1459 pro
827 1370 922 1454 exitu
953 1389 1079 1440 nervo·

76 1480 170 1558 ¹rum
205 1483 397 1575 spinalium.

140 1603 324 1676 Procesius
357 1608 608 1677 transversi
633 1603 740 1700 (7.)‚
772 1605 986 1701 longitudine
1010 1581 1079 1699 spi·

90 1723 183 1794 nolis
206 1722 383 1815 aequales,
405 1724 548 1794 formam
575 1723 646 1795 fere
673 1723 799 1794 habent
824 1723 968 1793 laminae
991 1726 1079 1817 prise

87 1844 256 1923 maricae,
302 1839 532 1923 convolutae3
578 1841 677 1910 cuius
721 1862 840 1935 margo
878 1841 1113 1932 supremus„

88 1956 233 2049 reliquis
267 1957 429 2039 crassior,
463 1959 653 2038 carinatas,
686 1960 844 2046 provenit
878 1978 922 2026 ex
946 1957 1075 2051 angulo

87 2078 250 2172 marginis
290 2074 462 2146 inferioris
497 2077 570 2144 cavi
607 2074 795 2144 articularis
831 2077 982 2164 prioris;
1016 2073 1078 2143 ab·

88 2194 175 2266 hine
197 2193 385 2266 extrorsum
412 2192 609 2271 tendentes,
633 2192 798 2282 simulque
822 2193 1002 2263 retrorsum
1026 2212 1077 2263 at·

89 2332 160 2403 que
191 2314 224 2381 in
259 2310 443 2396 inferiora,
475 2308 642 2381 fornicem
678 2308 825 2381 formant
859 2313 934 2382 cavi
966 2309 1074 2383 abdo·

90 2427 225 2500 minalis
251 2428 270 2518 (
295 2429 327 2521 ).

119 2545 288 2617 Extremo
308 2547 447 2638 postico
468 2546 688 2638 processuum
708 2546 972 2619 transverlorum
988 2544 1074 2642 (8.)

86 2662 315 2760 adglutinatae
344 2663 417 2733 sunt
442 2684 634 2746 costae,
661 2663 897 2753 cylindricae‚
933 2683 1074 2750 tenues3

87 2803 199 2873 quae,
231 2781 418 2853 eutrorsum
456 2784 489 2849 in
525 2802 641 2851 arcum
677 2782 864 2874 expansae,
903 2780 1074 2855 fornicem

85 2900 338 2977 abdominaiem
364 2898 553 2990 complent.

938 3138 960 3228 §
992 3155 1071 3208 tar.

124 3414 179 3494 (*)
219 3417 406 3478 Procesiunm
435 3416 655 3477 transversorum
683 3414 866 3473 deorsum
892 3413 1069 3473 tendentium

86 3510 195 3571 fabnca
213 3528 271 3569 non
292 3512 455 3586 infrequens
478 3527 596 3586 quoque
618 3523 660 3567 est
682 3511 711 3566 in
731 3508 944 3567 Mammalibus.
983 3509 1071 3567 Nam·

76 3620 145 3678 que
163 3605 307 3673 invenitur
326 3605 359 3663 ad
381 3605 531 3664 collum
560 3604 683 3672 Simiae,
705 3602 815 3670 Cervi,
838 3603 937 3676 Equi,
961 3602 1070 3673 Porci,

86 3701 218 3775 Caprae,
239 3699 326 3778 Melie
355 3699 435 3773 taxi,
465 3711 493 3755 et
522 3698 550 3753 in
570 3696 702 3771 Erinacei
723 3697 854 3753 vertebra
881 3694 952 3771 colli
981 3695 1071 3752 sextu.

84 3774 178 3852 Porro
205 3794 235 3850 in
254 3784 503 3852 lumbaribus
522 3791 597 3849 Felis
617 3789 792 3858 domestici,
812 3789 934 3863 Leporis
957 3788 1070 3858 timidi,

85 3887 180 3945 sciuri
206 3888 330 3962 vulgaris
343 3906 352 3946 t
382 3885 508 3946 Collo
538 3884 662 3959 denique
691 3886 732 3942 lu
743 3886 799 3943 mb
812 3886 935 3969 isque
965 3883 1071 3954 simul,

83 3979 116 4057 in
143 3980 254 4057 Phoco,

538 4079 681 4176 Hs.
