2564 4710
225 391 228 394 ,
323 335 371 387 un
402 334 726 390 Exuuemtrnutuus
751 333 970 415 scammis
1067 331 1135 406 103

147 509 222 578 eius
253 507 458 596 pofitionem
494 511 711 600 spectemus,
746 508 912 600 fimulque
943 509 1054 600 ipsum
1078 531 1136 578 na·

144 625 240 694 tandi
268 646 380 695 actum
417 627 460 718 (§
493 627 609 720 130.).
662 626 872 700 Adducendt'
901 647 1011 698 autem
1037 627 1139 699 func·

147 745 225 826 tio,
249 742 378 824 levior,
401 747 569 818 incumbit
588 745 753 816 musculis
773 745 1135 842 tenerrimis,'ssngulo

140 859 247 930 radio
272 862 502 951 interpofitis3
528 884 673 953 quotum
698 863 827 954 duplex
846 883 898 933 est
920 863 1075 947 stratum,
1098 868 1134 935 in

135 973 333 1071 Aeglefino
352 998 488 1060 autem,
508 1000 658 1083 propter
680 983 900 1062 tenuitatem,
918 981 978 1078 vin
998 980 1137 1072 conspi-

143 1116 269 1165 cuum.
309 1093 402 1166 Huic
424 1100 601 1169 interiacet
624 1099 745 1169 lamma
766 1099 1040 1182 membranacea,
1061 1119 1137 1169 om·

137 1213 243 1282 nium
272 1211 461 1307 digitorum
492 1237 675 1286 commune
704 1215 905 1300 vinculum
933 1236 1021 1308 quae
1052 1235 1137 1288 veru

140 1351 166 1399 a
192 1352 299 1422 carpo
330 1353 440 1422 usque
471 1331 569 1403 valde
602 1336 713 1404 tenuis
742 1353 794 1404 est
818 1354 921 1424 atque
946 1330 1133 1424 pellucido.

143 1444 304 1520 Exteme
332 1454 492 1542 utrinque
520 1472 600 1524 cute
623 1471 784 1548 teguntur
805 1453 997 1538 attenuari,
1021 1471 1134 1544 quae,

147 1565 211 1636 sub
235 1565 348 1636 axillis
378 1566 597 1658 praesertim,
618 1568 720 1649 ualde
744 1568 819 1652 laxa
840 1588 892 1640 est
913 1587 949 1640 et
968 1565 1134 1649 cellulosi

152 1683 345 1766 subiacente
377 1685 528 1768 mobilis,

562 1923 584 2016 3
641 1922 722 2004 106,

200 2155 288 2226 Tam
323 2169 444 2249 carpus
477 2179 579 2248 quam
615 2175 826 2249 metacarpus
858 2179 897 2228 ac
932 2155 1040 2242 radii,
1070 2179 1139 2231 unt

157 2282 230 2346 cum
273 2276 416 2346 brachio
456 2275 639 2359 universo,
680 2274 819 2366 planitie
853 2275 909 2346 sut
938 2274 1139 2352 cerate«

155 2395 307 2467 videntur
351 2396 537 2481 cumularit
581 2395 788 2489 quibuscum
831 2398 932 2467 etiam
975 2399 1138 2469 convenit

154 2516 328 2604 utriusque
361 2509 456 2584 seriei
488 2513 612 2586 ossium
643 2515 738 2606 carpi
769 2513 939 2598 coalitus,
963 2533 1065 2606 atquc
1087 2516 1142 2588 in·

155 2631 348 2724 separabilis
375 2631 560 2728 digitorum
586 2655 666 2724 cunt
691 2653 885 2724 metacarpo
910 2654 1029 2733 nexus.

199 2751 240 2820 In
262 2748 398 2845 Lophio
417 2754 555 2823 cubitus
575 2752 667 2842 ipsc,
687 2751 729 2822 ad
749 2752 839 2820 basm
860 2750 949 2820 suam
970 2750 1135 2840 amplam,

149 2868 268 2938 multis
309 2869 395 2940 litiis
436 2869 541 2940 osseis
579 2889 662 2940 mon
696 2866 809 2938 tranfit
841 2870 876 2938 in
909 2885 1134 2960 metacarpos.

148 2981 188 3057 ln
220 2985 327 3080 Esooa
358 2983 450 3080 (tab.
477 2984 544 3056 XI.
577 2985 641 3082 lig,
662 2982 750 3078 Vl.)
777 2984 850 3057 ossa
875 2987 968 3076 carpi
993 2983 1137 3057 formam

144 3099 277 3174 habent
310 3102 522 3199 oblongum,
552 3103 741 3198 digitorum.
787 3162 791 3170 .

181 3221 404 3292 Membrana
433 3223 598 3316 coniungi
622 3202 776 3312 ¹piscium
809 3219 926 3314 digitis
954 3242 1138 3292 commune

145 3355 201 3409 est
234 3360 314 3410 cum
347 3337 510 3411 Cetacea's
541 3360 580 3409 ac
616 3336 885 3431 Vesparra'lr'one.
936 3335 1046 3432 Quod
1078 3329 1138 3408 au·

148 3476 223 3528 tem
264 3456 365 3552 digiti
407 3453 569 3530 omuibus
607 3453 810 3525 animalibus
851 3475 995 3526 numeru
1033 3455 1138 3550 longe

151 3574 386 3670 praecellant,
418 3595 455 3648 et
484 3578 522 3648 in
556 3573 725 3667 plurimus
756 3572 936 3664 speciebus
967 3570 1140 3666 (malaco-
1183 3558 1186 3564 ’

151 3694 367 3790 pterygiis),
406 3691 600 3785 multiplici
628 3691 796 3788 gaudeant
832 3690 1054 3765 arti-culorum
1087 3690 1140 3761 se-

110 3830 111 3835 ‘
152 3814 226 3898 tle,
257 3812 377 3885 referri
411 3811 514 3883 debet
539 3812 586 3884 ad
618 3810 794 3902 peculiare
827 3810 963 3884 vivendi
980 3833 1047 3889 ,aer
1064 3830 1140 3881 nto·

154 3931 254 4006 tandi
285 3951 417 4029 genus,
446 3929 544 4024 quud
575 3930 725 4021 piscium
750 3947 818 4009 est.¹

609 4043 645 4119 G
670 4066 695 4134 4
1007 4047 1028 4139 S
1058 4068 1142 4143 107.
