2564 4710
140 356 185 418 aa
350 345 494 422 ·Car.
531 348 596 424 ΙΙΙ.
639 350 882 452 secatus.

565 547 586 637 §
644 550 700 639 18.

67 772 107 834 ‘·
186 753 261 854 b.·
289 795 337 846 os
376 774 634 873 (anostra)
659 802 908 857 uastante
945 775 1134 876 (frontale

91 915 101 966 t
139 895 306 983 anterius
342 918 581 985 enutriam,
617 899 843 996 lachrymasa
877 896 1039 992 cau1)‚·
1073 897 1135 970 tri·

51 1061 53 1064 -
87 1018 97 1039 ⁰
139 1011 303 1107 angulum
328 1034 380 1103 est
401 1015 606 1111 irregulare,
635 1020 788 1116 margine
808 1038 976 1103 externa,
1000 1015 1136 1101 crasso,

139 1134 275 1230 gibbo,
313 1131 401 1206 facie
433 1136 609 1235 superiore
644 1138 767 1230 plana,
802 1123 966 1211 inferiore
991 1157 1136 1229 aspera,

139 1256 345 1352 spongiam,
383 1257 597 1331 somminulis
631 1260 789 1352 pertusa,
827 1281 915 1351 quae
941 1258 1074 1333 ducunt
1099 1259 1136 1334 in

138 1373 244 1471 ipsam
275 1380 359 1452 osss
390 1379 606 1455 substantiam
637 1385 801 1457 internam
815 1378 894 1474 (*).
945 1379 1088 1472 Caput,
1114 1395 1142 1452 e·

138 1496 239 1568 collo
262 1493 346 1592 (9.)
370 1499 578 1594 exsurgens,
612 1503 762 1594 margine
794 1499 936 1590 priore,
971 1498 1133 1580 interno,

139 1616 285 1714 oblique
311 1638 489 1701 truncato,
518 1618 653 1689 tuber
678 1616 762 1688 facit
785 1614 1004 1711 oblongum,
1030 1613 1136 1706 spuu-

136 1732 272 1829 giosum
297 1735 355 1826 (ι.
385 1758 417 1806 a.
446 1733 531 1827 5.);
557 1746 670 1824 equo
697 1753 789 1804 retro
807 1735 976 1803 emittitur
1001 1732 1137 1822 spina

83 1889 86 1897 ·
137 1847 198 1940 (a.
226 1846 297 1943 3.).
348 1849 445 1929 Haec
467 1850 598 1922 adiacet
626 1853 775 1946 margini,
791 1851 979 1935 auteriori,
1004 1845 1137 1939 laterali

112 1952 255 2064 ”baseos
272 1966 556 2065 sphacnoidalis.
593 1966 744 2040 Tuberis
766 1989 844 2060 pars
866 1970 964 2059 prior
992 1963 1052 2060 (ς.
1077 1962 1137 2058 1.)

138 2085 333 2179 applicatur
363 2085 523 2162 adlatus
552 2106 730 2159 externum
761 2105 975 2180 postremum
1003 2084 1136 2176 tuberis

141 2201 343 2288 ethmoider'.
396 2200 496 2300 Quae
529 2205 682 2294 superest
715 2225 792 2296 pars
837 2203 968 2290 tuberis
1002 2205 1139 2300 interna

141 2319 164 2414 (
171 2343 201 2393 1.
229 2321 288 2414 a.)
325 2321 386 2394 sub
412 2322 579 2416 apophyst
606 2320 808 2396 etiamtiam
840 2321 883 2390 ab
915 2341 1023 2415 eaque
1047 2341 1139 2419 nun·

139 2440 228 2512 nihil
260 2437 411 2523 distans,
446 2442 610 2543 cultaeret
640 2460 720 2510 cum
745 2439 893 2510 orbitale
920 2439 1052 2512 lateris
1076 2451 1139 2536 up,-

134 2552 254 2654 pofiti.
298 2557 505 2649 Capitulum
528 2580 635 2648 porro
657 2557 788 2634 tuberis
812 2578 1040 2647 externum
1062 2556 1138 2654 (6)

140 2675 373 2771 adglutinatur
396 2675 460 2746 ossr
480 2674 666 2770 palatina.

87 2829 90 2835 ¹
201 2791 329 2867 Libera
371 2793 447 2864 sunt
485 2813 516 2866 1.
554 2792 694 2886 planum
729 2790 874 2887 inferius
912 2793 1136 2896 uniuersumr¹

143 2935 178 2984 a.
211 2931 330 3004 margo
361 2932 547 2998 externum
583 2933 616 3004 3.
650 2911 789 3003 planum
825 2913 1042 3005 supremum,
1074 2936 1138 2986 ex·

140 3047 248 3122 cepto
275 3032 350 3120 eius
382 3032 534 3136 margine
565 3033 707 3129 postico
740 3031 905 3130 interiore
936 3016 1003 3126 (8a'
1028 3031 1137 3132 aa),

1074 3171 1139 3250 qul.

138 3430 261 3500 ¹bustiam
290 3439 424 3515 pituitam
449 3439 652 3504 subcutanean
674 3442 826 3518 secernunt
850 3457 880 3509 et
910 3441 1083 3513 conducunt
1102 3442 1140 3504 ari

141 3537 245 3594 lineam
276 3538 419 3594 lateralem
449 3538 544 3596 trunci
574 3536 767 3613 (cavana,
797 3540 865 3615 Lep.
887 3538 1016 3599 uAaar.
1048 3553 1139 3616 comp.

24 3707 30 3713 .
141 3640 211 3689 tom.
223 3631 257 3691 V.
274 3633 326 3706 lep.
343 3633 430 3691 ΧΧΧ.
451 3643 514 3692 art.
527 3649 591 3693 111.
607 3648 679 3710 pag.
691 3633 794 3710 asa),
813 3650 873 3693 non
891 3631 1006 3717 suntin
1025 3622 1139 3710 Gadia,‘

140 3723 240 3794 saltent
260 3741 319 3784 non
338 3725 368 3785 ln
385 3723 540 3813 Aeglefinu
562 3741 650 3815 atque
669 3728 822 3814 Munhua,
951 3719 955 3725 ’
1046 3713 1053 3741 ”
1080 3721 1084 3726 ’
1115 3713 1138 3726 ”

188 3919 244 4000 (*‘)
283 3922 317 3980 ln
346 3923 518 3997 quibusdam
548 3926 754 4001 speciminibus
785 3927 859 3998 adeo
889 3939 1061 3995 excavatum
1093 3937 1139 4005 est

141 4029 176 4089 as
203 4014 387 4098 uniuersum,
415 4031 448 4077 ut
476 4019 551 4106 inter
567 4015 627 4097 (7.
648 4022 676 4080 8.
694 4019 768 4101 a),
793 4017 905 4110 praeter
933 4023 1059 4112 lamellas
1095 4035 1138 4108 te·

141 4107 311 4199 nuissrmas,
339 4108 392 4202 viat
421 4112 543 4203 ιιιὶιιιιίᾂ,
560 4113 693 4207 superstp
799 4114 803 4128 “
