2564 4710
217 382 265 456 50
454 358 561 431 Cne.
598 357 663 430 lll.
707 360 887 433 Sucrto
922 358 969 430 Il.

218 576 257 630 to
287 554 437 642 exilius3
468 555 512 624 ab
545 556 724 646 utriusque
751 555 833 646 nafis
856 553 1037 645 superficie
1062 556 1217 642 interna,

220 678 402 750 anteriore.
454 671 646 765 Depictum
679 691 732 743 eat
762 672 838 743 solo
862 672 968 744 latere
995 673 1144 745 finiatro.

273 813 306 885 3.
357 788 402 864 L.
440 787 900 884 iugali-maxillare
927 791 1022 873 ‹l.);
1056 788 1100 857 ab
1133 809 1220 878 apo·

223 907 320 1003 physr
342 908 513 978 anteriore
537 906 619 976 ossis
644 903 828 977 maxillaris
851 909 1078 998 proveniens,
1102 906 1223 978 inseri-

227 1047 283 1100 tur
315 1027 458 1120 margini
489 1028 649 1109 interno,
683 1025 842 1117 supremo
873 1025 957 1097 ossas
982 1022 1132 1122 iugalia,
1157 1023 1231 1097 ibi·

225 1164 294 1239 que
326 1139 471 1215 confluit
500 1161 578 1212 cum
612 1141 851 1232 praecedente.

276 1283 313 1350 4.
363 1257 409 1331 L.
434 1257 1053 1350 palatino-intermaxillare
1075 1269 1143 1349 (a.)
1171 1257 1239 1330 seu

227 1381 512 1465 cruciatum
539 1398 654 1451 ortum
676 1401 696 1450 a
718 1376 833 1452 radice
863 1378 1083 1471 apophyleos
1110 1379 1245 1464 incur-

226 1520 289 1572 vae
317 1496 485 1590 palatinae
510 1492 709 1590 fiammae,
742 1498 856 1568 transit
886 1501 972 1568 intra
997 1493 1163 1567 eiusdem,
1180 1495 1238 1567 la·

232 1618 315 1690 teris
347 1616 549 1708 processum
583 1617 776 1707 supremum
812 1617 895 1687 osfis
926 1613 1135 1700 maxillaris,
1163 1617 1242 1708 pri·

233 1755 293 1806 mo
313 1733 413 1824 super
434 1730 658 1827 ligamentum
675 1732 855 1808 ethmoido
868 1776 879 1788 ·
894 1731 1067 1804 maxillare
1088 1731 1132 1824 (S
1148 1731 1238 1830 42.)

233 1852 403 1923 finistrum
426 1871 461 1922 et
482 1853 576 1922 iuxta
596 1851 829 1946 cartilaginem
852 1848 1109 1944 sphaeroideam
1131 1848 1232 1946 (ἠΰς

234 1950 384 2054 ἆείηάε,
409 1968 509 2060 super
534 1968 609 2040 ossa
634 1968 845 2054 maxillaria,
871 1968 1092 2064 ligamentum
1120 1990 1232 2060 oppo-

236 2085 334 2158 litum
376 2085 549 2166 subeam,
593 2083 713 2155 definit
746 2087 782 2156 in
814 2107 1014 2157 mucronem
1051 2080 1243 2176 processm'

237 2206 364 2299 prioris
379 2202 668 2288 'int'ermaacillaris¹
692 2203 830 2276 dextri.

286 2342 322 2417 5.
374 2322 422 2396 L.
455 2322 993 2414 vomere-palatinum
1029 2343 1047 2391 a
1082 2323 1235 2412 margine

241 2442 393 2513 vomeris
426 2440 591 2511 inferiore
624 2439 787 2525 laterale,
823 2460 917 2511 retro
951 2438 993 2512 ad
1020 2438 1236 2530 superficiem

241 2561 406 2629 internam
440 2558 523 2628 ossas
552 2555 690 2650 palati.
742 2555 783 2627 In
816 2558 920 2628 icone
955 2578 1026 2629 non
1061 2556 1235 2651 conspici·

245 2695 311 2749 tur.
1094 2696 1096 2700 ⁴

559 2941 593 2983 μ
676 2908 811 2999 §·44.

298 3144 392 3227 Inter
421 3146 608 3240 marginem
636 3141 805 3218 frontis
832 3149 1037 3218 anteriorem
1061 3143 1157 3237 (tab.
1181 3147 1247 3221 1v.

251 3265 311 3360 lig.
338 3261 366 3338 Ι.
398 3260 655 3356 1.-2.)‚inter
689 3261 875 3337 nasalis
905 3284 1119 3358 postremum
1151 3265 1249 3359 (aab.

252 3385 298 3453 V.
320 3381 379 3476 fig.
399 3379 463 3451 IX.
484 3404 516 3453 a.
542 3379 599 3473 3.)
622 3398 657 3451 et
679 3379 810 3455 collum
825 3381 1048 3455 urbitalia
1068 3383 1167 3478 (tab.
1185 3383 1251 3458 IV.

255 3500 313 3596 fig.
340 3497 404 3573 ΙΙΙ.
430 3497 467 3573 ,6.
484 3499 583 3598 9.),Ι
605 3502 767 3591 utrinque
799 3501 869 3573 hiat
898 3502 1093 3595 Apertum
1119 3504 1252 3590 naris,

212 3617 215 3623 ’
254 3618 389 3712 ampla,-
412 3638 551 3691 extume
571 3624 654 3697 vero
674 3638 793 3710 patens
815 3620 943 3715 smgula
964 3622 1054 3693 binis
1075 3620 1253 3694 foramini·

257 3735 322 3809 bus
344 3738 497 3809 cumaeis
520 3734 617 3807 valde
637 3738 837 3821 coarctatis,
859 3759 1036 3830 postremo
1060 3760 1173 3811 tamen
1196 3761 1255 3811 ca·

259 3854 412 3945 paciore.
455 3851 653 3944 Utrumque
674 3851 944 3947 tegiturfllobulo
964 3875 1133 3938 cutmen,
1153 3856 1257 3930 instar

259 3967 440 4059 valvulam
464 3967 595 4063 quufit
617 3988 656 4044 ut
675 3957 786 4065 primu
809 3968 923 4045 frume
946 3970 1087 4048 vixdum
1108 3975 1144 4048 in
1168 3996 1260 4049 ocu·

1204 4093 1261 4165 los
