2564 4710
318 377 377 426 DF:
418 376 616 436 cttnulo
659 375 954 430 nectuntur.
1087 374 1128 424 21

163 568 314 637 aperturae
346 550 486 622 inmisso
516 551 594 622 stilo
617 554 718 646 nigro
751 548 809 644 (1.
835 551 868 623 8.
895 547 953 643 5.)
978 546 1131 622 indican·

164 683 216 738 tur.
259 666 433 738 Lamellae
465 671 527 737 hae
559 691 578 737 a
610 667 837 743 foraminibus
868 666 927 758 (8.
950 668 1011 761 9.)
1037 688 1131 739 retro

163 785 383 881 prolongatae,
405 787 448 858 ad
471 789 689 861 horizontem
704 785 946 882 divergendo,
972 787 1132 859 laminam

118 970 126 985 ‚
163 904 227 974 osis
251 903 383 976 iaciunt
414 907 699 998 superiorem
730 907 790 1000 (5.
814 909 849 980 6.
875 926 911 1000 7.
937 907 1016 998 8.),
1043 904 1163 988 rnre-1,

161 1019 232 1090 tiore
257 1021 495 1118 elevatiorem.
547 1023 579 1108 E
612 1027 799 1095 coniuncta
832 1023 954 1124 lamina
988 1042 1134 1112 utraque
1218 1051 1222 1066 ·

163 1141 312 1211 oriuntur·
327 1141 397 1211 duo
424 1120 751 1224 semicanales‚
773 1163 792 1211 a
815 1140 979 1212 lateribus
1001 1141 1132 1231 aperti,

91 1330 96 1337 ,
160 1276 190 1328 rc
208 1261 384 1352 descriptis
406 1260 552 1332 lamellis
576 1260 872 1344 horizontalibus‚
903 1281 1062 1352 tanquam
1085 1257 1135 1330 la·

147 1381 326 1449 muneribus
361 1368 485 1450 tecti?
507 1376 574 1450 His
598 1383 774 1451 interiacet
809 1383 949 1450 crista
982 1378 1173 1449 mediana.

155 1490 203 1587 (6.
225 1497 284 1590 7.)
293 1504 308 1583 ς
336 1520 442 1588 quae,
467 1502 599 1569 carinae
623 1498 681 1594 (r.
702 1497 763 1594 7.)
784 1499 870 1570 licet
892 1499 931 1569 fit
953 1501 1136 1570 continua·

153 1614 216 1698 tio,
251 1618 401 1706 pertinet
422 1614 465 1685 ad
487 1616 643 1689 laminam
669 1639 959 1708 supremam,
988 1636 1025 1686 et
1054 1635 1148 1704 cum

149 1750 184 1801 ea
214 1731 399 1802 retrorsum
434 1734 597 1821 tendens,
632 1722 817 1827 sensimque
854 1755 978 1819 aucta,
1010 1734 1044 1803 in
1068 1733 1134 1803 hu·

146 1850 197 1919 ius
227 1848 372 1919 laminae
406 1851 559 1942 confinio
594 1873 773 1943 postremo
804 1851 913 1946 (6.)‚
946 1851 1137 1924 committi·

145 1984 200 2037 tur
232 1988 311 2038 cum
347 1965 464 2037 crista
488 1968 781 2060 interparr'etalt.

203 2081 300 2154 Plani
336 2107 478 2176 quoque
512 2088 594 2156 osus
636 2087 908 2159 inferioris
949 2086 1031 2182 (fig.
1066 2081 1139 2178 ll.)

141 2203 322 2273 maximam
354 2224 485 2293 partem
521 2202 604 2273 facit
634 2201 757 2274 lamina
790 2203 988 2283 inferior
1019 2201 1079 2295 (1.
1104 2225 1138 2277 2.

143 2345 181 2417 3.
205 2343 241 2411 4.
265 2341 298 2415 5.
324 2323 396 2416 9.).
449 2320 545 2392 Haec
578 2344 761 2415 parumper
791 2299 895 2407 carra,
931 2320 1136 2420 spongiosa‚

141 2443 180 2512 in
213 2439 327 2512 medio
363 2440 571 2532 sulcum·
597 2444 700 2512 habet
736 2442 1045 2540 longitudinalem‚
1078 2463 1142 2513 ane

143 2560 291 2633 trorsum
321 2558 380 2646 (ι.
406 2557 465 2653 a.)
488 2560 663 2654 amplum,
687 2565 802 2635 versus
825 2563 926 2634 linem
946 2562 1017 2656 (9)
1040 2559 1140 2631 valde
1206 2573 1211 2581 ·

144 2698 381 2761 coarctatum,
413 2678 538 2748 abhinc
573 2681 745 2750 transeuns
776 2682 810 2749 in
838 2679 1014 2771 planitiem
1038 2680 1142 2749 trian·v
1183 2731 1192 2738 ,

144 2795 318 2892 gulanam,
343 2792 517 2889 glabram,
539 2796 697 2866 nonnihil
719 2817 916 2867 excavatum
937 2796 995 2887 (5.
1010 2793 1044 2865 6.
1058 2791 1140 2886 9.),

147 2935 235 3005 quae
268 2914 379 3004 paries
407 2911 545 2983 infimus
567 2931 619 2983 est
643 2912 784 2983 laminae
809 2935 1059 3006 supremae.

142 3025 146 3032 ’
197 3029 509 3102 Trabeculae
545 3028 949 3124 triangularem.
979 3024 1142 3124 ιο.9,),

150 3169 237 3240 quae
259 3147 301 3218 ab
325 3167 468 3238 utraque
491 3167 587 3239 parte
612 3146 741 3227 sulcum
767 3147 958 3218 medianum
982 3168 1144 3238 compre·

87 3344 91 3359 ,
150 3266 327 3348 bendum,
360 3285 501 3337 externe
534 3267 629 3336 iurtta
663 3264 695 3335 se
730 3264 855 3334 habent
889 3264 1144 3355 impresfionem
1220 3337 1222 3343 ,

149 3383 436 3481 longitudinalem
471 3381 530 3475 (7.
560 3383 663 3476 ια),
700 3405 772 3474 quo
803 3383 1002 3471 reconditur
1033 3400 1145 3465 ramus

150 3503 269 3587 nasalis
292 3503 388 3572 nervi
413 3502 597 3596 trigemini.
638 3497 715 3591 Ipse
737 3521 820 3576 vero.
844 3500 957 3571 sulcus
980 3495 1040 3593 (t.
1063 3498 1146 3593 9.),

151 3645 217 3695 nec
250 3642 320 3693 non
364 3616 502 3711 planum
547 3616 629 3690 ossrs
674 3619 907 3709 superius
952 3616 1147 3694 universum

154 3738 237 3837 (fig.
261 3738 339 3832 1.),
373 3759 453 3809 cum
487 3735 595 3806 canali
621 3736 687 3837 suu¹³
705 3755 740 3805 et
764 3733 978 3822 semicanali,
1010 3736 1149 3806 materie

154 3855 343 3972 gelatinosa
377 3874 467 3947 tecta
500 3853 576 3925 sunt
609 3872 711 3946 atque
744 3853 919 3947 impleta(
941 3853 976 3950 ).

1036 3891 1235 4042 §1825'

196 4114 251 4191 (*)
292 4115 453 4177 Glandulae
479 4127 509 4175 et
536 4111 648 4173 canales
675 4071 914 4186 supranrbitales.
946 4111 997 4185 qui
1029 4110 1059 4167 in
1086 4107 1151 4260 gut.

621 4206 683 4280 B3
1012 4202 1015 4210 '
1108 4216 1155 4258 us·
