2564 4710
236 360 326 435 Cur.
353 359 418 435 Ill.
447 361 554 451 socr.
581 363 611 436 1.
647 387 696 438 nu
720 384 866 437 cunuro
890 380 1042 440 neonus.
1105 387 1152 462 ¹9

121 628 133 641 ,
212 574 255 630 us
287 579 495 632 ruouurs
529 558 757 653 quintuplex:
784 558 968 631 medium
993 559 1151 649 scillcet,

252 678 386 770 impar,
429 700 508 749 cunr
549 676 1005 770 anteriore'(orbitale
1039 680 1151 773 mihi)
1259 683 1262 689 '

250 812 286 864 et
312 796 568 884 posteriore
595 793 675 888 (cui
691 788 829 888 petrofi
845 798 970 865 nornen
992 797 1049 866 hic
1071 796 1148 868 suc·

212 971 216 981 .
250 909 386 1006 seuit),
413 931 563 1004 utroque
589 911 725 1004 duplici

209 1047 250 1100 os
285 1051 535 1104 occrrrrrs
569 1028 799 1123 quintuplex:
833 1016 1060 1116 inferius,
1093 1033 1147 1104 in·

250 1168 336 1239 par,
372 1146 444 1220 duo
478 1151 734 1242 superiora
768 1169 808 1219 ac
846 1146 991 1219 totidem
1029 1137 1147 1222 lete·

250 1263 388 1335 ralia.

206 1370 250 1454 ’σε’
282 1404 686 1472 srununornnun,
720 1381 838 1455 itidem
869 1382 1147 1476 quintuplexte

248 1499 346 1570 basi
380 1499 535 1572 constans
566 1524 695 1598 styga,
733 1523 813 1574 cum
838 1500 908 1572 ala
932 1523 1085 1599 magna
1109 1520 1146 1574 et
1267 1509 1273 1520 ’

247 1639 386 1711 parva
419 1622 466 1707 iu
489 1641 638 1713 utroque
663 1621 767 1692 latere

204 1757 255 1810 us
290 1745 638 1822 ossismorum,
674 1761 726 1811 os
762 1758 1146 1812 ruunnrnururn·
1252 1760 1255 1769 ⁴

162 1879 166 1885 ·
240 1875 330 1941 uu,
366 1865 550 1950 utrunque
582 1856 650 1930 fine
682 1878 775 1951 pare.

127 2018 139 2041 .
197 1966 362 2063 Denique
388 1972 461 2043 ossa
492 1987 791 2046 rnnrrrnnrn
815 1996 856 2047 uc
883 1993 1145 2048 rsnronuu

140 2163 142 2167 .
244 2088 381 2188 singulo
414 2090 531 2163 lutere.
839 2076 845 2082 ⁹

195 2317 254 2402 Ex
285 2320 407 2412 hisce,
441 2329 583 2432 imparia
616 2323 766 2399 medium
802 2325 971 2399 calvariae
1005 2335 1145 2416 tenent,

147 2444 285 2540 reliqua
317 2447 476 2542 regiones
507 2443 686 2533 laterales3
713 2448 827 2518 omnia
851 2444 895 2516 ad
917 2445 1145 2538 symmetrium

142 2565 256 2661 positu
278 2565 356 2637 sunt
375 2585 479 2657 utque
499 2560 804 2661 consormata(*).
842 2562 1064 2660 Singulorum
1086 2584 1145 2638 os·

140 2682 227 2756 fium
264 2681 372 2780 ligura
409 2704 448 2754 ac
483 2682 585 2754 locus
618 2681 682 2754 huc
726 2681 876 2754 sectione
910 2664 1141 2771 describitur,

140 2800 262 2873 addito
290 2797 436 2887 ordine,
472 2821 575 2892 quem
608 2801 734 2870 habent
765 2802 800 2870 in
834 2801 984 2890 syntaxi:
1018 2800 1066 2872 itu
1103 2819 1143 2872 ut

143 2919 251 2992 verba
285 2939 431 3010 pone,
463 2938 630 3010 supra,
664 2914 785 2988 infra
817 2933 897 2989 cet:
923 2915 1057 3012 semper
1081 2916 1144 2990 de·

1049 3033 1141 3107 sum·

179 3266 236 3345 (¹⁴)
274 3268 456 3344 Neutiquam
473 3282 569 3328 tanen
590 3266 669 3329 sensu
687 3264 892 3327 mathematico
908 3266 1078 3342 accipiendo
1094 3281 1140 3326 est

140 3361 216 3424 haec
246 3365 429 3440 symmetria:
457 3379 580 3440 namque
601 3362 692 3438 figura
712 3361 819 3422 ossium
841 3364 871 3421 in
891 3363 1024 3440 piscibus
1045 3363 1139 3423 miuus

139 3458 273 3518 constans
300 3473 344 3519 est
371 3477 405 3520 ec
432 3460 591 3535 regularis3
610 3458 640 3515 in
662 3458 761 3540 azygit
783 3458 944 3532 praesertim
967 3456 1077 3517 osfibus
1100 3459 1140 3516 lu·

139 3563 187 3609 tus
215 3551 349 3611 dextrum
380 3551 531 3612 asinistro
554 3551 629 3609 haud
651 3566 714 3624 roro
733 3549 839 3611 differt.
878 3551 1025 3611 Emultis
1046 3569 1137 3615 unum

138 3649 309 3722 exemplum
340 3661 384 3705 est
413 3664 447 3705 os
468 3646 572 3706 frontis
594 3643 673 3719 (tub.
698 3643 739 3704 11.
760 3643 810 3719 fig.
834 3643 1135 3720 11.)‚c0mpmtum

136 3754 209 3798 eum
227 3740 287 3800 elio
309 3739 389 3817 (tab.
412 3740 465 3804 tv.
487 3737 538 3814 fig.
562 3736 607 3814 Ι.)
648 3737 813 3799 Postremae
833 3739 948 3800 scilicet
966 3737 1075 3816 figurae
1096 3743 1137 3800 la·

137 3834 216 3892 mine
236 3831 285 3909 (2.
307 3836 336 3896 8.
357 3833 406 3914 5.)
427 3836 522 3891 latens
544 3831 649 3891 sinistri
670 3835 798 3906 integra,
828 3832 857 3891 in
878 3831 985 3893 dextro
1008 3831 1062 3910 (nd
1083 3834 1134 3912 7.)

109 3912 185 3984 'est
223 3927 365 4007 abrupte,
403 3925 628 4008 universumque
670 3923 753 3985 simul
792 3925 868 3988 intus
900 3923 1043 3994 finanum
1072 3930 1134 3989 bre·

135 4018 220 4082 vius.
272 4091 279 4103 s
740 4097 742 4101 y

599 4113 629 4187 B
654 4137 680 4189 2
