2564 4710
216 200 221 242 i

216 348 286 421 ruti
443 347 553 418 Car.
588 346 654 421 111.
690 349 869 427 Srearo
902 348 969 424 VI.

211 541 329 617 versus
355 537 475 617 definit
498 548 533 617 in
561 549 737 623 trabem
762 567 902 621 teretem
928 541 1034 638 (4.),
1059 544 1094 615 in
1119 546 1198 618 eius

211 638 426 735 extremitate
473 684 558 737 cavo
607 668 824 754 instructam
871 664 962 738 trabs
1005 664 1200 756 superiacet

211 780 354 852 laminae
385 800 600 873 postremae3
634 783 737 858 fovea
772 806 855 856 vero
887 783 1030 855 laminae
1064 782 1200 874 spinae·

212 920 282 994 que
314 900 424 972 simul.

262 1018 423 1116 Quisque
448 1021 559 1094 radius
589 1023 718 1095 constat
741 1045 761 1094 e
785 1023 875 1094 binis
898 1020 1084 1117 digitis,
1108 1040 1201 1112 quo·

212 1162 287 1211 rum
321 1164 429 1213 tamen
464 1145 549 1215 alter
581 1148 624 1215 ab
658 1146 767 1216 altero
798 1167 868 1216 non
901 1143 1036 1229 differt,
1073 1162 1199 1213 eorum

214 1278 403 1328 extremum
428 1257 567 1331 inferius
589 1260 838 1333 tubercuiatum
863 1278 936 1343 est,
956 1274 1036 1329 'cunr
1056 1279 1203 1349 proces·

212 1373 250 1446 su
277 1373 441 1466 parvulo,
461 1396 586 1462 acuto,
608 1381 776 1448 anteriora
798 1378 894 1446 verso
920 1373 1002 1472 (fig.
1023 1364 1205 1469 1.11.5.).

263 1491 463 1564 Tubercula
488 1498 577 1565 inter
602 1495 635 1566 se
657 1496 830 1586 recipiunt
855 1491 1100 1589 globulum
1128 1512 1206 1565 ear.

215 1607 414 1706 tilagiueunt
443 1614 573 1701 mobiie
600 1610 707 1705 (6.),
735 1613 861 1708 figurae
887 1611 959 1681 fere
984 1611 1206 1702 sphaericae,

214 1748 365 1821 utroque
409 1750 517 1801 tamen
554 1730 659 1801 latere
691 1730 831 1822 planitie
867 1728 1006 1821 parvula
1041 1729 1206 1801 articula·

216 1844 350 1940 ri(7.)
374 1868 540 1920 notatum.
593 1831 771 1921 Globulus
802 1849 883 1929 hic,
908 1848 996 1918 inter
1022 1846 1209 1920 tubercula

216 1985 400 2058 receptus,
436 1966 527 2038 basrn
558 1968 648 2038 facet
683 1966 846 2038 canalis
878 1964 1103 2060 triangularis·=
1118 1966 1207 2062 (fig.

217 2078 268 2153 11.
301 2080 379 2179 8.),
415 2105 489 2180 quo
520 2083 720 2157 reconditur
750 2103 875 2157 nervus
899 2081 1105 2156 interosseus
1125 2080 1208 2179 (Ὀ.

633 2319 655 2410 §
711 2339 792 2429 125.

247 2553 311 2627 ‚In
343 2555 471 2647 syntaxi
500 2557 687 2648 capitulum
717 2559 820 2629 trabis
850 2556 992 2661 inferius
1017 2560 1212 2630 committi·

219 2689 275 2745 tur
300 2698 378 2746 curn
405 2676 525 2748 foveae
543 2697 637 2770 parte
656 2681 847 2760 exteriore,
865 2677 1013 2763 declivi3
1034 2676 1132 2768 quod
1155 2700 1212 2749 re·

219 2793 355 2890 liquurn
381 2819 432 2870 est
456 2798 601 2882 foveae,
627 2820 693 2868 una
723 2820 801 2868 cum
837 2818 991 2870 extremo
1017 2798 1121 2868 trabis
1148 2818 1214 2869 ex·

183 2960 184 2963 =
221 2937 365 2997 cavato,
391 2917 497 2985 smum
524 2915 608 2984 facit
633 2926 873 3001 communem,
901 2938 973 3008 quo
997 2919 1134 3008 capitur
1157 2936 1214 2990 tu·

221 3030 403 3103 berculurn
430 3030 654 3122 sphaericum.
1241 3034 1246 3039 '

273 3149 390 3240 Spina'
410 3153 574 3242 prima,
605 3150 799 3242 praesertim
822 3153 943 3242 pinnae
966 3151 1106 3263 dprsalis
1127 3155 1216 3249 pri·
1249 3242 1252 3247 Ι

223 3266 298 3340 trit
331 3263 423 3359 (tres
455 3268 546 3338 eninr
579 3266 654 3337 sunt
686 3268 720 3336 in
756 3265 904 3360 Gado),
938 3270 1121 3340 retrorsum
1158 3290 1215 3345 est

131 3441 135 3449 .
223 3387 419 3470 incurvata,
456 3404 558 3477 atque
594 3385 756 3475 expansas
788 3385 874 3456 adeo
911 3387 1014 3458 habet
1045 3389 1215 3476 laminas,

190 3571 193 3577 .
223 3505 379 3596 inprimis
410 3507 637 3586 anteriorem,
672 3524 711 3573 ut
746 3503 889 3598 figuram
927 3507 1085 3600 trianguli
1118 3506 1216 3578 rese·

223 3641 274 3695 rat
307 3620 389 3717 (fig,
420 3620 448 3689 Ι.
477 3620 554 3708 a),
587 3621 685 3689 cuius
710 3641 798 3713 apex
820 3641 872 3691 est
894 3623 1082 3714 capitulum
1105 3643 1216 3696 exca-

126 3794 131 3809 „
227 3757 363 3825 vatum,
389 3738 457 3808 fine
482 3736 552 3807 ulla
576 3735 689 3809 fovea.

1144 3855 1219 3928 La·

266 4111 323 4188 (¹⁸)
361 4070 442 4175 Haec
463 4126 493 4173 et
515 4114 661 4190 sequentia
680 4114 823 4191 descripta
843 4118 907 4177 suat
927 4132 946 4178 e
966 4116 1172 4178 Murrina.
