2564 4710
209 376 257 474 '30'
455 347 565 449 cri.
602 345 668 448 lli.
712 346 893 452 Sucnro'
926 366 957 448 Ι.

635 572 659 664 l
712 591 773 666 25·

108 810 175 887 rig.
256 777 289 876 i.
342 818 393 872 os
428 800 694 876 occarrr‘rs
727 797 1020 877 turritana.
1080 797 1207 876 Facies

79 901 194 976 ltvlll.
206 918 321 988 elus
313 932 527 1005 externa,
561 916 686 1014 capitis
706 925 901 1045 posteriora
923 923 1100 1016 spectans,
1123 920 1207 994 nul·

97 1013 180 1078 xlx.
205 1033 302 1127 lique
335 1034 401 1109 osll
435 1034 575 1124 iuncta,
611 1036 826 1111 curvaturam
849 1038 934 1110 facit
956 1039 1204 1126 transversam,

97 1112 174 1277 ἐἷ’
204 1150 249 1231 ad
274 1151 437 1249 angulum
462 1167 593 1226 rectum
616 1154 861 1228 accedentem:
884 1158 931 1226 ita
952 1170 992 1226 ut
1014 1177 1093 1249 pars
1115 1154 1207 1228 infe·

78 1310 130 1393 ἦε
147 1314 186 1378 x
188 1272 278 1343 rior
307 1270 351 1342 ad
379 1271 692 1366 perpendiculum,
715 1274 821 1346 altera
845 1273 1108 1347 horizontaliter
1130 1273 1207 1347 sere

203 1387 314 1485 polita
344 1371 396 1464 fit.
447 1390 587 1465 Deinde
620 1395 881 1468 trabeculi
912 1373 1054 1468 incurvi
1079 1392 1140 1486 (1.
1167 1415 1206 1466 a.

204 1510 289 1603 4.,)
323 1532 343 1582 a
375 1517 527 1608 margine
562 1514 723 1607 supremo
753 1514 796 1586 ad
828 1517 934 1586 imum
955 1514 1128 1601 abeunte,
1152 1512 1210 1586 di·

202 1629 333 1703 viditur
363 1633 398 1703 in
431 1632 502 1704 dno
534 1634 636 1726 plana
658 1635 834 1719 lateralia,
858 1654 1008 1726 qnorum
1030 1637 1208 1709 internum

204 1745 266 1840 (1.
309 1768 342 1842 3.
386 1748 447 1844 o.)
488 1750 598 1844 duplo
631 1754 825 1824 maius'est
858 1748 1004 1823 externo
1036 1748 1097 1842 (4.
1132 1749 1208 1846 m).

204 1867 244 1940 In
280 1864 386 1959 plano
420 1871 581 1956 interno,
618 1873 773 1957 maiore,
807 1875 891 1942 mox
924 1869 1210 1953 intratrabecu·

203 1986 296 2072 lam,
328 1987 483 2062 foramen
515 2011 568 2062 est
593 1988 676 2085 (5.)
701 2004 766 2084 pro
788 2011 895 2063 nervo
912 1989 1035 2086 primo·
1050 1984 1207 2086 spinuli.

204 2103 263 2178 Ex
302 2103 412 2179 altero
457 2106 649 2196 foramine,
692 2111 728 2180 in
770 2107 875 2180 latere
915 2111 1060 2179 externo
1094 2105 1208 2203 (6.)‚

142 2292 145 2299 .
203 2225 304 2319 quod
335 2228 485 2321 amplius
519 2249 594 2313 est,
630 2231 701 2302 exit
734 2250 861 2302 nervus
892 2248 1021 2326 vagus.

256 2345 289 2416 E
323 2345 424 2416 faciei
448 2349 676 2420 internae
700 2346 783 2444 (fig.
804 2344 951 2440 ΧΙΧ.),
975 2345 1211 2442 irregulariter

205 2486 312 2537 cavae
344 2487 448 2560 atque
482 2471 663 2554 cristatae,
695 2469 836 2553 medio,
867 2453 1058 2542 antrorsum
1090 2491 1131 2540 ac
1156 2467 1210 2541 la·

208 2584 362 2659 'teralitet
392 2584 570 2657 descendit
606 2587 743 2683 spina
774 2589 885 2658 tenuis
908 2585 1005 2682 (7);
1036 2608 1125 2680 quae
1148 2586 1212 2658 de·

198 2701 313 2788 inde,
357 2702 464 2796 paulo
499 2703 650 2801 largior,
681 2686 905 2799 sub'angulo
940 2705 1091 2790 obtuso,
1125 2727 1214 2798 pos·

201 2825 338 2898 ¹teriora
368 2825 484 2897 versus
518 2845 728 2898 recurvatur.
780 2823 869 2898 Eius
903 2825 980 2898 finis
1012 2825 1099 2927 (8.)
1132 2847 1215 2898 ver·

211 2944 266 3017 sus
309 2944 411 3016 finem
451 2946 565 3038 spinae
596 2946 679 3018 osis
714 2945 866 3040 opposui
900 2947 946 3017 ita
977 2944 1135 3031 accedit,
1168 2968 1214 3021 uc

163 3108 165 3112 -
216 3068 320 3137 crista
349 3066 512 3157 occipitis
547 3063 735 3158 inferioris
766 3062 849 3161 (fig.
883 3063 1001 3138 XVII.
1034 3063 1094 3169 8.)
1127 3086 1214 3138 curn

183 3202 357 3273 -utraque
381 3181 574 3253 cohaereat.
626 3179 711 3250 Inde
735 3181 861 3252 canalis
884 3184 1014 3268 oritur,
1038 3164 1214 3254 medullae

209 3300 420 3396 oblongatae
454 3299 739 3391 complectendae
766 3321 880 3393 aptus.

262 3419 499 3517 Coniungitut
531 3418 601 3490 hoc
633 3439 675 3492 os
712 3410 1214 3511 1⁰cumocca'pa‘teinfcria·

211 3563 278 3627 re,
308 3535 479 3632 applicito
511 3538 663 3633 margine
696 3535 780 3608 osfis
805 3534 1042 3607 lateralis
1066 3532 1125 3626 (a.
1149 3537 1215 3629 9.)

210 3657 255 3729 ad
287 3660 472 3752 marginem
498 3649 683 3749 inferioris
707 3651 787 3748 (fig.
811 3649 928 3725 XVIl.
953 3646 988 3743 9.
1017 3655 1121 3743 10.)‚
1143 3672 1214 3726 nec

211 3797 283 3848 non
317 3775 453 3866 spini
477 3749 548 3870 (7.
562 3771 617 3859 8.)
640 3771 683 3844 ad
705 3773 808 3844 huius
833 3771 916 3844 osfis
940 3771 1093 3844 cristam
1115 3768 1213 3867 (8.).

221 3889 224 3896 ’
266 3896 308 3966 2⁰
342 3891 435 3965 Cum
462 3891 536 3965 osse
562 3889 721 3965 laterata
745 3889 862 3964 latetis
884 3888 1035 3984 oppositi
1057 3889 1100 3962 ad
1123 3909 1214 3963 mar·

214 4020 331 4116 ginem
355 4018 448 4112 (3.).

1170 4141 1213 4225 3‘
1260 4224 1264 4230 .
