2564 4710
173 391 223 443 na
257 382 714 444 meauaw··nnaneu1am
747 378 936 443 extenuo.
1012 365 1057 441 61

10 536 14 631 f
93 563 124 633 td
138 586 262 636 motum
286 565 500 636 mandibulae
520 565 711 636 inferioris:
731 581 877 657 namque
896 565 972 634 eius
988 564 1065 658 giu·

90 679 191 774 glymo
218 680 304 751 nihil
334 683 489 752 tribuunt
509 702 642 773 praeter
665 679 862 767 cardinemt
890 677 987 772 quud
1011 698 1067 751 re*

10 844 14 869 f
86 793 206 889 liquum
230 816 281 870 est
304 799 482 891 perficitur
504 799 579 870 osse
602 799 776 873 maxillate
797 808 832 870 et
853 799 1065 870 intermaxil·

83 912 155 992 late.
204 917 388 990 Praecavet
421 919 557 1010 insuper
589 921 764 991 'universus
798 919 856 990 hic
882 905 1070 1011 apparatus*

78 1053 231 1108 externus
259 1059 325 1122 ne,
357 1057 492 1108 remoto
523 1040 624 1108 nimis
655 1039 697 1108 ab
731 1039 804 1110 oris
837 1037 932 1108 hiatu
970 1057 1066 1108 man·

74 1151 209 1228 dibulae
242 1155 414 1242 articulo,
455 1154 586 1248 aliquid
620 1155 806 1254 derogetur
845 1155 946 1227 huius
981 1155 1066 1228 osus

70 1267 222 1346 firmitati
249 1294 289 1344 ac
319 1272 482 1344 movendi
509 1272 700 1360 celeritati3
727 1272 1065 1366 limulqueuespim·

66 1387 176 1463 tionis
203 1414 243 1463 ac
275 1389 514 1484 deglutitionis
540 1411 665 1488 organa
686 1395 847 1468 interiora
871 1395 980 1489 tegit,
1006 1388 1066 1466 lit·

63 1521 145 1581 mat
170 1529 273 1602 atque
304 1506 470 1584 defendit.

499 1748 522 1842 l
574 1766 636 1846 57·

123 1981 386 2082 Quemcunque
421 1985 556 2060 demum
589 1991 624 2060 in
658 1985 760 2058 finem
791 2001 971 2079 apparatus
1005 1981 1065 2058 hic

52 2100 189 2176 osseus
223 2108 339 2177 cranio
372 2127 412 2177 ac
451 2105 664 2177 mandibulae
698 2106 803 2177 fuerit
835 2106 1060 2190 interiectus,

54 2231 198 2323 Organa
217 2223 289 2315 ipsa
310 2227 458 2295 motoria
480 2223 574 2316 sequi
595 2223 645 2293 fas
663 2242 716 2296 est
735 2221 953 2294 sustentaculi
975 2219 1067 2294 ossei

54 2348 247 2429 normam,
288 2341 383 2435 quod
419 2362 539 2413 eorum
576 2342 784 2434 principium
822 2360 875 2412 est
909 2361 949 2411 ac
983 2337 1064 2410 fun·

57 2443 277 2530 (lamentum.
329 2457 423 2529 Hinc
455 2461 593 2529 minime
627 2456 762 2529 tollitur
787 2456 869 2528 oslis
895 2457 1063 2549 temporit
1153 2554 1155 2558 Ι

55 2579 99 2633 et
128 2575 332 2670 zygomatici
351 2573 525 2669 analogia,
546 2576 700 2666 quamvis
721 2573 868 2646 musculi
891 2573 1065 2645 maxillam

56 2697 250 2785 moventes
290 2695 442 2783 primarii
481 2694 534 2762 his
574 2691 706 2763 ossibus
745 2713 815 2762 non
852 2691 1064 2776 inserantur,

54 2801 201 2882 relictu
238 2809 334 2885 nudo
372 2832 413 2881 ac
447 2830 558 2880 vacuo
592 2808 709 2901 amplo
743 2808 812 2879 hoc
847 2808 1083 2900 sympleetici.

13 2964 19 2977 ·
54 2908 208 3015 spatiot
234 2948 349 3020 *quum
378 2948 399 2997 e
423 2929 597 2998 contrario
620 2923 856 3000 musculorum
880 2927 1000 3000 robori
1021 2946 1063 2998 ae

53 3025 230 3149 brevitati
261 3049 373 3121 multo
406 3040 512 3144 magis
545 3050 738 3121 consultum
768 3049 828 3134 fit,
860 3048 884 3119 ss
916 3047 1070 3142 qualiter:

51 3147 102 3225 5¹1
143 3166 239 3241 Gado
269 3188 344 3254 est,
371 3167 503 3239 levatur
529 3166 686 3239 maxillae
710 3171 935 3259 occupaverit
959 3168 980 3239 s
981 3186 1004 3258 y
1014 3182 1067 3237 m·

52 3277 275 3360 Plectici
307 3287 446 3379 planum
476 3300 652 3356 externum
687 3267 864 3376 superiua‘,
895 3304 998 3376 atque
1028 3287 1066 3363 in

52 3379 148 3474 hoc
170 3406 275 3498 plano
298 3386 520 3478 confirmetur
540 3402 611 3473 alio
635 3400 815 3486 musculo,
840 3405 900 3494 qui
923 3402 965 3471 ab
988 3401 1066 3474 osse

53 3515 244 3616 anons
274 3543 310 3595 et
338 3523 547 3619 zygomatici
579 3513 753 3592 descendit
778 3522 813 3590 in
836 3520 1064 3612 aponeutofin

59 3637 218 3718 enoris.
329 3696 336 3707 ,

504 3753 526 3849 S
578 3759 639 3851 58.

73 3962 80 3973 ’
130 3988 198 4095 Qui
227 3992 494 4095 generalem
526 3992 614 4065 adeo
649 3991 834 4085 superioris
866 3988 996 4064 ordinis
1028 4012 1064 4062 a·

349 4126 355 4141 '
539 4141 541 4145 ·
637 4118 640 4123 ’
895 4171 899 4178 .
1013 4111 1066 4185 ni·
