2564 4710
139 380 164 450 6
468 420 475 433 ·
537 372 651 447 Car.
703 371 734 444 1.

139 551 307 668 ganorum
348 566 474 660 pofitio
516 586 552 640 et
587 589 697 641 nexus
731 563 918 638 redduntur
952 553 1129 662 ambigui:

50 712 54 719 ·
140 707 257 765 extant
295 687 454 755 nimirum
491 685 648 767 cerebri,
685 704 867 756 nervorum
906 682 1131 774 sensuumque

140 804 389 896 descriptiones
419 822 547 893 eaeque
579 803 763 897 egregiae3
791 823 931 894 quarum
957 821 1041 872 vero
1064 801 1133 871 stu·

140 923 236 994 dium
277 919 415 993 difficile
450 918 563 992 evadit
597 940 700 1012 atque
738 920 949 1005 taediosum,
985 937 1135 1012 propter

141 1038 283 1110 dubiam
320 1055 380 1109 aut
414 1039 556 1122 omnino
592 1035 808 1110 deficientem
845 1037 1132 1133 topographicam

140 1158 287 1254 partiam
320 1154 439 1228 sceleti
470 1155 785 1229 determinationem
810 1152 830 1251 (
853 1156 887 1252 ).

198 1273 281 1347 Nec
323 1273 434 1345 solum
454 1270 456 1274 ⁸
476 1277 643 1362 tironem,
685 1297 803 1364 verum
840 1276 950 1367 ipsum
988 1292 1133 1366 quoque

140 1413 318 1465 auctorem
351 1394 435 1465 haec
467 1393 625 1465 moiettia
657 1396 807 1486 premit,
843 1397 926 1485 qui,
957 1394 1137 1464 obstructa

142 1512 289 1585 aliorum
320 1523 400 1583 cum
433 1511 499 1584 suis
528 1515 563 1583 in
597 1511 740 1604 systema
772 1511 935 1585 reducere
966 1515 1136 1604 cupiens,

143 1631 181 1699 in
210 1649 249 1699 re
281 1648 347 1700 tam
378 1632 507 1701 incerta
538 1629 644 1708 modo
669 1632 795 1702 dubius
818 1632 955 1715 haeret,
978 1652 998 1709 a
1021 1631 1138 1700 cuius·

143 1768 221 1818 nam
238 1744 519 1837 “dissentientium
550 1766 645 1838 parte
677 1747 739 1820 fibi
767 1746 917 1817 standum
944 1746 1005 1831 itt
1030 1750 1139 1816 inter·

148 1861 229 1944 dutn
271 1862 314 1932 ab
358 1863 518 1933 omnibus
562 1862 722 1952 recedere
767 1862 893 1950 debet,
938 1862 962 1952 st
1007 1863 1139 1948 tradere

145 1971 231 2068 velit
268 1977 353 2071 quid
388 1978 459 2071 ipse
493 1978 624 2068 sentiat,

584 2200 727 2318 §a

197 2447 300 2544 Quae
334 2466 440 2539 quum
476 2449 523 2518 ita
559 2449 658 2534 sunt,
694 2451 808 2543 primo
842 2449 926 2524 loco
959 2464 1139 2541 opus'est

148 2566 319 2636 variorum
354 2564 527 2635 sententiis
558 2565 601 2634 ad
626 2567 833 2637 harmoniam
859 2566 1016 2646 redactis.
1067 2563 1136 2643 Fa·

149 2683 307 2771 cilionem
345 2700 430 2772 vcro
465 2681 693 2775 crediderim,
726 2705 826 2776 quam
856 2687 966 2794 prima
997 2683 1138 2777 quidem

1040 2801 1138 2874 fron·

191 3084 247 3162 (*)
287 3085 416 3147 Pluriunr
443 3085 569 3161 piscium
587 3085 833 3162 descriptionem,
861 3086 1050 3162 anatomicam
1069 3103 1146 3160 quo,

152 3196 231 3256 que,
258 3178 401 3263 dederunt
426 3195 723 3252 testaturam,
752 3195 967 3243 assecurat
995 3192 1024 3238 et
1049 3196 1166 3266 cun·-

151 3289 436 3346 uettsunaoa,
457 3275 488 3332 in
512 3279 591 3333 navis
613 3275 767 3355 comment.
789 3272 885 3350 Acad.
906 3274 1050 3352 Betropol.
1072 3283 1143 3343 tom,

151 3364 254 3446 XVII,
274 3365 394 3443 XVIII,
413 3366 491 3445 ΧΙΧ,
529 3369 595 3434 Nec
624 3385 684 3428 non
713 3382 1085 3437 connumerarent,
1114 3366 1146 3433 in

152 3461 237 3520 Actis
257 3460 345 3539 eiusd,
366 3461 466 3534 Acad,
491 3465 671 3540 anni1778‚
710 3458 832 3536 AIIquid
862 3458 945 3520 etium
975 3461 1063 3523 habet
1090 3476 1145 3530 ut-

150 3567 317 3633 aas1us,
337 3554 366 3610 in
385 3552 476 3611 Mem.
498 3553 532 3611 de
552 3538 675 3632 I'Acad.
695 3553 729 3613 de
750 3556 880 3632 Petersb.
905 3554 988 3614 1810.
1018 3557 1063 3613 De
1079 3554 1147 3613 sce·'

152 3651 213 3722 leto
239 3662 334 3706 nutem
359 3651 407 3714 vel
437 3649 500 3707 osse
522 3667 558 3707 ne
579 3653 700 3714 verbum
723 3649 839 3724 quidem
859 3650 988 3717 invenio.

191 3741 269 3817 Quin
295 3743 379 3820 etiarn
406 3743 435 3818 in
461 3743 688 3821 completisfimo
718 3759 845 3823 ceterum
876 3760 1046 3804 nounot
1074 3761 1145 3818 ope-

151 3853 184 3896 re
210 3837 394 3915 anatomic0,
422 3839 576 3913 plusquam
607 3841 722 3924 triginta
750 3841 884 3910 iconibus
916 3839 1024 3898 formae
1055 3841 1146 3923 maio3

153 3932 211 4002 ris,
232 3949 284 3988 nec
306 3932 367 3990 ossa
389 3947 543 4008 tanguntur
564 3951 618 3992 nec
639 3918 785 4005 musculis
814 3934 921 4006 quibus
941 3931 1165 4003 deficientibus·

155 4021 342 4103 fluctuantem
363 4041 482 4100 quoque
501 4026 580 4084 reddi
601 4025 721 4105 debere,
740 4027 818 4102 ultro
836 4038 932 4103 patet,
954 4026 1083 4098 vasorum
1106 4036 1145 4100 at·

154 4137 211 4194 que
234 4134 384 4197 neruorum
404 4117 640 4197 descriptionem.
840 4108 844 4120 ¹
