2564 4710
244 338 315 427 πρὸ
444 328 550 404 Cra.
586 330 633 404 V.
669 308 842 407 Sacrro'
878 311 944 403 ῘῘῘ.
980 332 1027 406 C.

241 525 497 621 ortuum),
523 531 558 601 in
581 528 683 603 Gado
705 529 750 624 (ς
776 529 862 625 74.)
885 528 1028 602 alterum
1050 525 1227 601 volumine

212 708 215 723 .
241 649 398 740 superat,
429 650 465 719 in
496 643 683 740 Lampride
712 652 823 722 minus
852 658 917 721 eat.

289 764 396 853 Hoc,
427 769 463 837 in
492 789 579 840 cavo
610 768 672 841 suo
698 771 890 860 posteriore
916 766 1042 856 lunato¹
1057 765 1142 864 (fig.
1165 762 1225 839 tv.

242 882 326 978 a),
358 886 484 977 recipit
512 885 679 957 manubrii
704 885 855 958 sternalis
881 896 1107 975 extremum
1132 888 1228 958 cuia

218 1000 346 1075 'latere
376 1005 512 1075 interno
542 1016 626 1075 mou
655 1000 787 1074 adiacet
821 1025 925 1096 caput
958 1005 1108 1078 cristae.
1161 1002 1225 1073 Ca·

240 1124 336 1215 pitur
366 1119 435 1191 hoc
467 1123 627 1211 utrinque
658 1119 894 1192 corniculo
921 1119 977 1190 seu
1002 1118 1227 1213 apophysi

240 1237 467 1310 descendente
500 1235 615 1330 (3.),
655 1239 699 1309 ab
739 1257 889 1329 utroque
927 1239 1053 1328 hyoide
1085 1239 1227 1332 primo,

241 1374 326 1428 mox
356 1373 433 1423 ante
462 1373 651 1425 extremum
675 1353 774 1427 sterni
799 1357 889 1427 tertii
913 1353 1080 1426 demisso:
1105 1355 1227 1447 quibua

241 1472 306 1557 fit,
336 1492 376 1545 ut
403 1472 551 1547 sternunt
580 1477 712 1547 moveri
739 1494 911 1567 nequeat,
943 1478 1026 1567 quin
1057 1496 1125 1547 una
1158 1496 1228 1548 rno-

241 1612 385 1665 veantur
415 1592 489 1665 ossa
517 1574 601 1664 haec
628 1576 797 1682 hyadae,
824 1586 991 1685 simulque
1017 1592 1227 1666 obstaculum

242 1711 422 1783 adiiciatur
456 1708 615 1795 cristae,
657 1728 695 1781 ut
730 1731 865 1802 praeter
898 1710 1139 1808 gingiytnum‚
1173 1712 1229 1783 vit

242 1829 369 1921 aliquia
399 1832 433 1901 ei
467 1827 606 1919 superfit
639 1848 766 1900 motus.
1077 1834 1083 1847 ’

294 1946 420 2023 Latere
455 1951 590 2020 interno
625 1946 730 2038 planu
763 1965 906 2040 utraque
940 1946 1014 2023 oasa
1047 1948 1229 2021 coniuncta

245 2066 323 2143 sunt
364 2087 443 2139 eum
486 2061 672 2161 oppofitt'tr
711 2086 731 2137 e
767 2086 914 2157 quorum
955 2063 1045 2139 facie
1080 2065 1229 2158 suprema

245 2185 447 2269 communi,
479 2181 774 2277 ligamentum
803 2183 910 2276 surgit
934 2181 1154 2269 tendineurn,
1179 2204 1229 2255 ro·

246 2303 385 2375 bustum
419 2302 551 2394 (tu),
587 2300 683 2391 quod
716 2299 937 2397 progreditur
968 2299 1228 2375 adiuncturum

246 2425 426 2515 utriusque
458 2419 689 2493 mandibulae
711 2417 731 2513 (
752 2417 789 2514 ).

660 2656 696 2748 §-
740 2675 822 2749 19n

300 2914 427 2965 oasrs
447 2911 639 2964 nuorura
664 2893 753 2961 tertii
772 2887 865 2986 (π.)
887 2890 992 2978 locu,
1014 2891 1224 2988 ligamentum

248 3033 301 3084 est
318 3011 533 3092 tendineum‚
554 3009 740 3099 hyoideunr
751 3007 944 3105 secundum
961 3014 1110 3109 jungens
1126 3032 1226 3111 quar·

248 3147 308 3218 to,
333 3128 425 3222 (tab.
452 3124 533 3201 VII.
560 3125 619 3222 fig.
646 3124 745 3216 IV.).

298 3270 352 3322 os
391 3268 641 3340 quantun
676 3245 771 3328 stilus
811 3266 863 3318 est
904 3246 1071 3342 iimplex,
1109 3248 1231 3339 surium¹

247 3368 487 3464 compressus,
522 3365 679 3439 deorsum
713 3368 893 3440 carinatas.
1227 3344 1234 3363 ¹

1092 3520 1224 3599 quru-

1180 3630 1189 3665 i

287 3810 342 3891 (*)
381 3813 496 3873 Praeter
530 3812 593 3871 ussa
623 3796 695 3873 haee
727 3811 890 3889 descripta,
918 3811 1065 3889 quidquid
1094 3814 1224 3889 reliquam

247 3921 291 3967 est
327 3920 384 3963 tam
423 3908 452 3963 in
487 3904 550 3963 usse
585 3904 717 3980 hyoide,
749 3923 834 3981 quarn
867 3909 991 3968 arcubus
1023 3906 1222 3968 branchialibu

247 4001 420 4073 organisque
448 3997 619 4072 pharyngeis
647 4015 681 4058 aa
708 4000 873 4074 iaryngeis,
901 4012 1016 4063 naturae
1045 4016 1091 4061 eat
1119 3995 1222 4061 curti·

247 4096 442 4169 lagineae.
