2564 4710
371 474 718 559 'suerro
783 448 878 555 111(

1062 552 1079 589 t

266 719 323 770 DE
364 713 635 771 Arudnn'ru
674 711 1012 789 ranunculum.

571 1145 736 1285 bas-r

196 1356 298 1454 Quae
331 1355 471 1431 fluidum
503 1358 630 1444 vitale,
665 1357 802 1429 naribus
831 1372 1157 1447 exceptum-per

145 1475 302 1558 eamdem
333 1481 422 1547 viam
456 1477 626 1568 exspirant
659 1475 958 1556 Mammalia,
987 1470 1030 1542 ad
1059 1471 1148 1541 sub-

142 1592 304 1686 igendum
339 1593 454 1663 cibum
490 1593 650 1664 instructa
681 1593 757 1662 sunt
797 1589 935 1661 maxilla
968 1589 1141 1672 robusta,

143 1708 247 1798 ipsius
267 1712 372 1780 cranii
393 1709 524 1781 ossibus
545 1709 698 1795 adnexa3
731 1708 827 1800 quod
851 1729 935 1778 vero
962 1706 1136 1796 reliquum

143 1845 215 1911 est,
236 1825 482 1922 deglutitione
499 1829 697 1922 negotium,
718 1826 902 1918 perficiunt
918 1825 1020 1895 variis
1037 1842 1136 1917 orga-

142 1943 220 2029 nis,
247 1962 395 2035 quorum
425 1948 588 2038 princeps
619 1964 671 2017 est
699 1943 816 2016 mollis
841 1965 881 2015 ac
908 1938 1133 2012 facile-flexi·

143 2057 187 2131 lis
210 2057 340 2155 lingua.

185 2174 406 2249 Volucres
427 2175 544 2248 itidem
566 2173 790 2268 pulmonibus
809 2177 976 2267 respirant
993 2194 1132 2259 omnes;

146 2295 207 2386 qui
237 2295 326 2363 inter
359 2315 421 2364 eos
454 2293 615 2384 praedam
645 2314 832 2389 venantur,
858 2291 900 2363 ad
925 2291 1019 2363 illem
1049 2289 1136 2361 dila·

117 2406 341 2495 cerandum,
371 2429 502 2502 ungues
526 2410 628 2479 rostri
652 2409 779 2479 habent
800 2408 1047 2494 adiutamenta3
1071 2406 1137 2479 lini

142 2550 210 2626 gua
239 2550 323 2600 vero
354 2527 460 2627 longe
491 2527 649 2622 plurimis
678 2528 798 2600 avibus
829 2527 937 2624 rigida
959 2547 1035 2612 est,
1062 2548 1139 2598 mo·

141 2647 243 2719 vendi
275 2667 394 2719 contra
426 2646 589 2741 facultate
620 2647 744 2743 gaudet
775 2668 894 2718 eorum
919 2644 1058 2718 maxilla
1084 2634 1149 2716 su?

141 2769 281 2858 perior,
308 2769 391 2856 quin
416 2767 517 2836 etiam
541 2765 714 2837 inferioris
737 2768 932 2837 articulatio
954 2787 1034 2866 cum
1062 2784 1138 2834 cra·

142 2886 203 2955 nio
232 2904 303 2954 non
338 2883 398 2967 lit,
433 2883 493 2953 nisi
529 2882 760 2955 intercedente
793 2883 868 2956 osse
895 2882 1043 2987 mobili,
1078 2883 1137 2955 cui

143 3024 270 3075 nomen
301 3003 490 3097 quadrati.

192 3118 452 3213 Raptilibus
474 3120 591 3191 eadem
612 3119 684 3193 fere
705 3141 757 3193 est
776 3119 962 3213 respirandi
980 3140 1021 3191 ac
1042 3140 1142 3192 man·

145 3238 290 3310 ducandi
328 3239 588 3310 mechanismus.
641 3238 728 3313 Sunt
761 3240 863 3309 etiam
898 3241 986 3310 inter
1021 3234 1139 3330 opha·-

146 3358 232 3441 dt‘a‚
273 3380 420 3451 quorum
463 3358 599 3428 maxilla
637 3359 818 3430 sustinetur
858 3360 933 3428 osse
968 3357 1139 3450 quadrato

146 3476 294 3562 mobili3
326 3476 422 3568 quod
454 3478 488 3547 in
519 3476 661 3570 reliquis
695 3500 774 3548 cum
806 3480 922 3548 cranio
946 3475 1139 3563 coalescit,

145 3601 180 3668 in
205 3594 385 3668 Crocodilu
407 3614 518 3667 autem
542 3594 771 3666 membranam
795 3597 947 3687 tympani
968 3592 1141 3667 includit:

147 3717 228 3788 hinc
260 3714 325 3785 ossa
360 3713 549 3805 quadrato,
580 3716 614 3784 in
637 3712 713 3785 aliis
737 3717 838 3785 etiam
862 3713 979 3811 frigidi
1004 3714 1142 3810 sangui·

147 3835 201 3909 nis
222 3832 447 3920 animalibus,
473 3853 599 3907 nomen
626 3832 788 3930 tympani
814 3834 980 3908 tributum
1005 3851 1072 3904 est.

1044 3947 1141 4023 Pis·
