2564 4710
505 352 622 431 Cae.
642 304 748 429 ²1v.

550 546 573 641 i
629 565 713 644 rsa·
820 640 823 645 .

190 772 411 883 Exemplaria
445 788 667 885 prestantia
699 782 864 861 thesauris
894 786 1067 861 seruatae

171 886 309 978 'Primo
348 905 557 977 farctum
593 924 696 1001 atque
732 905 894 978 siccatum
929 907 966 977 in
998 900 1135 978 Museo

141 1020 380 1119 Britannico,
412 1022 589 1094 volumine
618 1043 720 1094 unam
745 1024 876 1093 tertiam
901 1041 1036 1117 partem
1060 1020 1137 1093 sce·

135 1142 249 1215 'letum
282 1164 395 1215 meum
431 1142 601 1234 superans.

190 1259 352 1332 Museum
379 1256 501 1329 deinde
527 1261 715 1351 privatum,
735 1258 875 1329 nomine
898 1276 1134 1329 uutottrn·

141 1399 271 1461 muru,
298 1375 510 1446 continebat
541 1396 618 1447 ante
650 1373 880 1446 sceletum
917 1374 1020 1444 huius
1057 1376 1134 1465 pis·

140 1500 205 1570 cis.
254 1494 339 1567 Post
371 1495 547 1587 publicam
580 1516 691 1567 autern
715 1494 831 1567 Musei
857 1492 1132 1579 detractionem,

141 1637 231 1686 anno
270 1615 365 1704 1819
395 1613 540 1696 factam,
576 1615 720 1708 vestigia
752 1610 870 1685 sceleti
906 1611 981 1682 sunt
1014 1610 1136 1703 perdi·

109 1762 112 1769 ·
142 1751 188 1803 ta.
239 1726 395 1821 Utraque
421 1728 504 1801 haec
531 1729 714 1822 specimina
740 1747 967 1821 provenerant
987 1726 1032 1797 ab
1055 1730 1131 1799 oris

144 1829 295 1920 Scotiae.

192 1962 345 2039 Tandem
388 1966 423 2034 in
465 1963 593 2035 Museo
630 1962 805 2035 Parisienii
848 1961 919 2035 duo
961 1962 1038 2034 sunt
1072 1982 1136 2036 ex·

144 2081 307 2175 emplaria
339 2079 525 2168 farcta3
562 2103 711 2174 quorum
746 2074 891 2153 alterurn
933 2078 1015 2175 lego
1056 2080 1136 2153 esse

112 2190 282 2299 ¹egregie
328 2199 588 2289 conservatam,
627 2197 771 2272 alterum
815 2192 992 2271 uolumine
1031 2196 1162 2269 valde·

144 2338 317 2414 magnum.

192 2431 290 2507 Haec
322 2455 457 2508 mecum
488 2438 756 2508 communicavit
785 2456 1017 2519 aureatus,
1043 2454 1134 2505 tent·

145 2573 231 2646 pore
273 2572 344 2644 quo
385 2549 545 2623 Lutetiae
586 2574 627 2625 ac
666 2551 818 2625 Londini
855 2553 1012 2655 degebat.
1072 2552 1132 2628 De

144 2670 387 2765 speciminibus
416 2688 527 2739 autem
560 2668 796 2745 Partueaubus
825 2668 959 2745 addidit
985 2653 1043 2743 sua
1070 2668 1132 2743 du·

144 2791 223 2874 bia,
259 2811 302 2863 an
339 2788 476 2883 quidem
514 2776 558 2860 ad
589 2811 689 2861 unam
722 2787 945 2891 eamdemque
979 2792 1131 2882 speciem

143 2907 354 2999 pertincant:
387 2908 433 2977 ita
464 2925 504 2976 ut
534 2908 680 2997 primum
712 2904 909 3001 Lampridi
937 2929 1059 2979 nostro
1090 2908 1129 2981 fit

142 3022 377 3108 sitnillimuma
417 3020 580 3109 alterius,
614 3040 905 3098 uncaruuto
941 3025 1125 3120 descripti,

144 3138 289 3212 sormam
320 3160 399 3209 curn
437 3158 555 3208 nostro
585 3161 656 3211 non
681 3142 819 3232 prorsus
850 3145 1062 3233 convenire,
1084 3158 1126 3217 eo

142 3260 320 3353 inprimis,
354 3253 449 3350 quod
479 3258 599 3350 pinnas
628 3258 751 3332 habeat
779 3246 968 3337 breviores.

555 3487 578 3587 §
634 3488 714 3570 160.

193 3726 383 3803 Audiamus
416 3730 627 3806 characteres
661 3748 750 3830 quoa
783 3734 1036 3829 Chrysoto
1068 3739 1123 3812 suo

145 3850 266 3920 tribuit
300 3847 371 3939 ipse
408 3870 742 3926 tacueramus.

191 3962 328 4054 „C'est
350 3987 396 4038 un
418 3967 525 4066 grand
545 3989 582 4043 et
604 3973 811 4071 magnisque
832 3979 976 4070 poisson
1000 4000 1068 4073 que
1088 3994 1123 4051 ce

1017 4096 1124 4183 Chry·
