2588 4704
344 365 393 416 DE
423 364 749 416 uxauumluauruus
779 353 989 416 assuerim.
1092 360 1159 434 105
1266 364 1269 369 '

179 536 275 626 foret
314 560 478 635 organum
511 539 609 613 ualde
642 537 853 613 elaboratum
887 559 952 629 pro
985 533 1173 626 simplicis·-

178 653 261 724 iima
293 658 440 725 actione.

232 771 427 865 Utrumque
461 773 599 846 evidens
630 795 682 846 est
714 776 748 844 in
782 772 1040 856 Cetaceis3
1077 787 1164 860 quae

130 894 145 911 ‘
176 887 265 959 licet
289 891 323 958 in
346 892 536 962 universum
560 891 688 979 fabrica
711 889 902 986 gaudeant,
925 880 1163 962 functionibus

146 1003 327 1090 idonea,
361 1028 446 1098 quae
478 1010 519 1101 iis
550 1030 628 1079 cum
660 1003 1064 1100 reliquismammalibus
1091 1001 1166 1072 sunt

178 1125 401 1209 communia3
444 1123 690 1215 nihilominus,
711 1147 776 1220 pro
818 1124 911 1194 omni
952 1121 1166 1191 extremitate

177 1238 412 1324 abdominali‚
452 1242 537 1313 nihil
578 1245 704 1318 habent
740 1263 873 1337 praeter
909 1241 988 1313 bina
1020 1238 1166 1310 osficula
1263 1292 1265 1297 -

177 1355 395 1442 stiliformia‚
422 1361 580 1439 carnibus
605 1361 757 1433 inmersa.
809 1359 894 1456 Quo
917 1361 1028 1430 minus
1050 1377 1164 1446 autem

175 1477 268 1546 inter
299 1479 436 1568 penitus
467 1479 578 1568 apoda
609 1459 852 1562 numerentur,
877 1497 969 1562 vetat
995 1497 1065 1546 tum
1087 1497 1167 1559 ana·
1218 1492 1223 1501 “

176 1591 275 1687 logia
310 1595 538 1666 mammalium
570 1597 760 1691 generalis,
796 1617 874 1669 cum
907 1597 1007 1667 etiam
1040 1593 1167 1672 horum

180 1709 408 1797 osficulprum
442 1710 542 1783 locus
575 1735 615 1784 ac
649 1713 840 1805 dispoiirio.

229 1824 313 1896 Prae
346 1823 421 1896 aliis
455 1829 598 1900 membri
632 1833 834 1922 posterioris
866 1829 1042 1922 partibus,
1073 1826 1167 1920 pel·
1249 1879 1254 1884 ·

177 1948 265 2016 vim
298 1947 546 2039 repraesentare
577 1951 659 2021 haec
686 1971 906 2022 cetaceorum
931 1948 1096 2032 ossicula,
1122 1971 1167 2021 ex

176 2084 223 2135 eo
251 2063 390 2156 probari
413 2064 567 2152 videtur,
591 2067 688 2159 qnod
710 2069 869 2139 carnibus
891 2066 1166 2149 abdominalibus

177 2178 334 2252 involuta
359 2183 470 2252 iacent
492 2201 526 2252 et
549 2185 705 2254 intestina
728 2185 902 2261 sustinent.
954 2183 1066 2255 Deist
1089 2184 1166 2274 qui·¹

176 2295 254 2368 dem
292 2315 341 2370 os
367 2297 520 2393 sacrum3
555 2320 619 2369 nec
655 2318 764 2371 tamen
799 2301 909 2370 minus
945 2299 1060 2370 dee'sse
1095 2301 1165 2372 hoc
1207 2296 1215 2310 ²

176 2416 281 2487 video
325 2420 361 2487 in
403 2417 552 2490 monstro
598 2417 757 2502 bovillo,
801 2418 897 2511 quod
940 2420 1061 2506 servo,
1107 2421 1165 2491 cui

174 2535 401 2608 nihilominus
439 2540 581 2632 integrat
607 2538 682 2609 sunt
715 2559 941 2609 coxarum
977 2538 1062 2609 ossa.
1124 2536 1167 2609 ln

176 2650 265 2723 Cere
297 2651 522 2727 desiderantur
544 2655 696 2741 femora,
728 2677 846 2738 crura,
873 2655 1025 2747 reliqua:
1056 2675 1106 2725 ast
1129 2658 1164 2724 in

175 2768 249 2842 fetu
282 2771 431 2844 humano
461 2777 519 2849 vix
551 2773 659 2843 ullum
693 2773 815 2844 horum
848 2773 971 2843 osfium
999 2774 1164 2845 hactenus·

175 2906 229 2958 est
250 2889 454 2984 vestigium,
477 2887 630 2959 formatis
653 2890 716 2959 iarn
740 2910 901 2961 coxarum
925 2889 1137 2960 rudimentis.

225 3002 447 3101 Quibuscum
490 3005 512 3076 fi
546 3010 875 3097 comparaverimus,
920 3026 984 3083 tam
1028 3005 1161 3092 sormi,

133 3174 143 3195 .
176 3144 278 3214 quam
309 3122 393 3195 loco
419 3146 459 3194 ac
482 3123 681 3207 functione,
705 3128 952 3196 extremitatem
975 3123 1160 3195 ventralem
1185 3148 1189 3155 ’

176 3240 212 3310 in
246 3241 503 3331 piscibust
540 3261 611 3311 non
644 3240 806 3312 absonum
842 3239 920 3325 esse,
946 3239 1103 3322 videtur,
1137 3241 1161 3311 st

177 3377 304 3455 organa
333 3358 407 3428 eius
437 3355 664 3448 principalia,
688 3354 932 3437 columnas
949 3355 1044 3425 binas
1067 3355 1161 3446 (tab.
1186 3415 1191 3424 .

177 3472 280 3548 Vlll.¹
312 3472 370 3568 fig.
407 3472 479 3560 1u;
513 3474 581 3546 tab.
614 3471 678 3544 Xl.
712 3473 771 3568 fig.
803 3471 867 3543 XI.
904 3473 938 3543 b.
961 3472 1019 3568 g.)
1052 3474 1161 3544 consr-

177 3588 332 3663 deramus
365 3610 521 3682 tanquam
556 3590 630 3663 ossa
664 3610 904 3661 coxarum.

232 3707 342 3781 Hisce
386 3690 565 3804 ginglymo
608 3708 707 3779 valde
752 3708 874 3779 mobili
917 3705 1039 3780 adnexi
1084 3709 1161 3779 sunt

179 3825 350 3917 pedesa
394 3824 525 3905 femora
566 3844 726 3907 veroet
769 3847 866 3902 cruta
899 3845 956 3907 aut
989 3829 1023 3912 in
1057 3826 1161 3916 massa

180 3940 331 4039 universa
359 3944 445 4019 adeo
475 3942 658 4038 complexa
689 3943 785 4030 sunt,
818 3963 857 4015 ut
877 3946 1035 4021 extricari
1059 3967 1159 4036 pror·

627 4059 663 4132 G
690 4079 713 4152 5
1107 4061 1161 4132 sus
