2564 4710
206 368 254 462 ’44
452 340 564 439 Cor.
600 336 666 441 111.
709 337 889 446 Suoaro
922 337 952 446 l.

122 564 129 570 ’
198 564 255 633 ius
285 572 463 653 aperturae
493 560 588 659 (tab.
623 564 688 639 Vl.
720 566 781 664 lig.
812 563 877 638 Ill.
912 587 945 660 3.
978 561 1040 659 4.)
1091 564 1201 661 Sp'ina'

199 679 349 772 denique
390 680 517 753 sulcata
553 679 647 777 (tab.
680 683 744 758 IV.
776 683 836 782 fig.
868 682 950 756 XX.
983 682 1044 779 7.)
1078 701 1200 781 poste*

200 801 293 874 riora
325 800 441 875 versus
475 802 585 877 libere
617 813 803 901 parumper
834 809 1010 900 prominet
1035 799 1116 903 ζ’).
1209 824 1210 828 ‘

627 1036 652 1135 l
705 1056 766 1139 27·

103 1267 168 1365 lig:
235 1253 270 1353 l.
323 1278 460 1347 nnsis
495 1274 621 1348 ossis
655 1277 1016 1362 arnnauo‘to'nrt
1051 1294 1092 1347 os
1116 1282 1203 1350 'omd

82 1392 180 1485 xxii.
200 1397 296 1465 nium
330 1390 590 1489 longissimum,
625 1398 661 1467 in
687 1394 866 1489 superficie
890 1394 1079 1480 inferiore,
1103 1398 1202 1487 prius

73 1494 326 1585 XXII¹·leniter
360 1511 487 1585 sulcato
523 1524 578 1604 (ι.
616 1526 695 1604 4.),
730 1510 905 1587 vomerem
939 1514 1205 1605 complectitur:

201 1633 276 1732 Qui
311 1632 446 1705 sulcum
480 1628 719 1726 subsequitur,
754 1652 897 1728 margo,
931 1636 1080 1725 primum
1116 1634 1206 1704 cari·

201 1776 300 1827 natus
331 1768 385 1841 (a.
420 1761 497 1848 3·l‚
538 1755 661 1828 deinde
696 1755 817 1848 planus
848 1755 903 1847 (6.
929 1756 1008 1842 8.)‚·
1044 1757 1207 1848 quaeque

201 1875 235 1944 ei
268 1872 425 1944 adiacent
458 1869 564 1943 facies
596 1871 754 1944 laterales
791 1872 1007 1965 compressae
1043 1884 1098 1966 (5.
1122 1873 1206 1962 6.)‚

202 1998 324 2082 postea
358 1986 514 2060 dilatatae
548 1989 604 2071 (6.
628 2002 710 2086 7.),
744 1987 855 2060 nudae
885 1992 998 2061 iacent
1027 2012 1068 2061 ac
1102 1985 1206 2064 nullo

202 2109 279 2181 osse
314 2128 437 2181 tectae.
495 2106 597 2204 Quae
631 2110 806 2202 superest,
843 2108 977 2181 linea
1011 2107 1207 2182 sulcata

87 2257 91 2266 ·
202 2223 258 2316 (4.
296 2228 376 2313 8.)‚·
408 2239 489 2325 curn
522 2227 627 2319 spinis
655 2231 818 2321 utrinque
848 2225 1014 2321 appofitis
1047 2226 1101 2322 (7.
1128 2227 1224 2319 8.),ι
1255 2292 1259 2297 .

205 2347 332 2435 recipit
363 2345 492 2437 spinam
515 2365 550 2416 et
573 2346 693 2420 sulcos
722 2348 888 2439 occipitls
912 2344 1101 2440 inferioris
1123 2343 1207 2442 (figo
1255 2414 1260 2423 .

207 2461 308 2536 XVI.
343 2485 377 2533 a.
410 2483 443 2555 3.
476 2486 512 2552 4.
545 2463 612 2556 5.).
663 2462 773 2536 Conf.
806 2465 875 2535 tab.
908 2462 973 2534 Ill.
1003 2460 1144 2560 fig.-11.

256 2579 467 2674 Su'perficles
500 2581 730 2671 superior
762 2581 839 2677 (fig.
864 2578 1046 2669 xxiii),
1087 2576 1207 2654 inedio'

205 2701 269 2774 suo
301 2701 497 2784 anteriore5
529 2719 668 2772 notatur
697 2699 805 2772 canali
833 2696 1010 2790 profundo
1044 2706 1099 2785 (1.
1122 2712 1208 2792 9.);

207 2821 293 2913 qui,·
327 2838 407 2888 curn
439 2815 530 2888 fossa
564 2815 745 2908 planiore,
780 2816 940 2887 breviore
974 2824 1099 2905 (rol,
1134 2837 1210 2886 ma·

202 2939 293 3008 terie
327 2932 514 3030 gelatinosa
544 2934 597 3005 est
627 2936 803 3028 impletus.
855 2932 970 3005 Huius
987 2950 1083 3013 ‘vero
1105 2942 1215 3005 'cana-

210 3054 254 3128 lis
287 3067 406 3152 margo
439 3056 590 3128 anterior
619 3060 658 3145 (1
695 3066 754 3150 5.)
782 3078 803 3127 a
830 3053 937 3127 latere
970 3053 1124 3150 iungitur
1148 3074 1210 3124 os·

1181 3170 1211 3243 fi

202 3438 205 3443 ·
250 3406 305 3485 (⁴¹)
345 3411 387 3470 Os
413 3409 552 3485 occipitls
584 3411 652 3472 inf
657 3406 767 3471 'erius
798 3407 955 3486 respondet
984 3407 1058 3483 parti
1087 3403 1214 3481 basslora‘

209 3505 326 3563 humani
348 3504 440 3583 fetus.
480 3505 667 3567 Laterale
697 3504 808 3580 duplex
835 3518 898 3573 est,
917 3502 992 3576 parti
1013 3498 1214 3576 condylor‘deae

209 3598 313 3660 simile.
352 3601 500 3676 Simplicis
529 3615 600 3659 vero
624 3601 711 3676 partis
729 3603 861 3678 planae,
884 3602 914 3657 in
935 3597 1072 3666 homine,
1095 3595 1213 3670 occipi-

168 3726 172 3737 ·
209 3693 274 3751 ralis
315 3696 432 3768 proprie
464 3692 560 3752 dictae
591 3696 684 3767 loco,
717 3695 838 3754 veniunt
868 3692 947 3752 duo
977 3691 1039 3750 ossa
1067 3688 1211 3762 occipitis

208 3787 449 3860 superiora.
499 3786 656 3862 Quinarius
687 3788 757 3847 hinc
790 3786 881 3846 oritur
913 3784 1019 3844 ossium
1051 3798 1210 3858 numerus,

209 3896 283 3956 quae
300 3881 389 3940 modo
409 3896 535 3957 quatuor
552 3883 616 3942 sunt
637 3886 667 3942 in
685 3882 749 3942 fetu
770 3882 919 3941 humano·
949 3878 1119 3954 Superfluus
1136 3893 1211 3937 vero

208 3974 258 4034 hic
285 3992 418 4035 numerus
441 3978 581 4036 convenit
602 3979 678 4037 forte
700 3992 768 4037 cum
790 3975 942 4035 domicilio
965 3988 1136 4047 organorum
1159 3986 1211 4029 au·

209 4069 287 4129 ditus
317 4071 347 4129 in
376 4072 439 4147 ipso
470 4072 560 4133 cranii
590 4089 689 4144 aanor
719 4087 794 4149 quae
824 4070 935 4132 fabrica
960 4056 1093 4147 piscibus
1120 4064 1211 4128 osseis

208 4165 326 4240 propria
353 4178 408 4225 est.
