2564 4710
65 394 68 399 ’
142 402 212 463 ιοο
378 382 487 457 Car.
518 381 585 456 111.
623 384 795 459 Sucrto
829 380 893 459 tv.

140 583 246 679 piciat
277 584 461 679 marginem
490 587 613 675 pinnae
640 582 864 657 ulnarem.
915 581 1041 676 Spinae
1067 581 1131 654 hus

141 707 195 775 ius
226 699 313 773 latus
344 723 545 790 externum,
572 703 629 774 seu
654 703 751 796 quod
782 703 983 774 conversum
1012 721 1065 772 est
1089 697 1133 770 ad

143 821 268 914 pinnae
301 819 389 890 latus
423 818 770 906 elevatorium,
808 841 996 893 convexam
1031 819 1134 890 habet

144 935 312 1023 formam,
346 939 434 1010 latus
456 939 653 1031 oppofitum
678 960 797 1012 contra
827 958 1033 1010 excavatum.

193 1054 333 1128 Deinde
363 1061 383 1125 e
412 1056 525 1147 spinae
556 1056 672 1127 radice
700 1056 816 1128 versus
840 1055 929 1127 latus
951 1053 1132 1126 flexorium

145 1176 218 1246 exit
251 1173 474 1244 tuberculum
504 1172 733 1244 minusculum
770 1173 866 1262 (a),
901 1170 1021 1263 quod,
1053 1191 1135 1242 cum

148 1293 263 1385 spina,
289 1290 412 1384 pedem
447 1289 518 1364 fere
547 1293 733 1363 humanum
765 1292 893 1377 refert,
929 1293 1028 1362 cuius
1051 1289 1131 1362 calx

149 1407 367 1482 tuberculum
400 1429 463 1482 est.
515 1407 693 1502 Denique.
712 1411 747 1480 in
778 1410 927 1502 margine
950 1407 1161 1498 metacarpi'

148 1525 322 1620 superlore
361 1527 574 1617 conspicitur
608 1528 757 1598 lamella
794 1524 1005 1620 triangularis
1041 1523 1136 1617 (l·)3

148 1667 258 1740 quae,
283 1644 351 1718 bast
385 1644 505 1716 latiore
536 1665 556 1714 e
585 1647 736 1741 margine
765 1667 962 1739 emergens,
994 1647 1028 1714 in
1061 1659 1137 1715 ntu-

149 1784 290 1837 cronem
312 1765 384 1834 abit
406 1762 590 1851 obtusum,
620 1762 663 1834 ad
686 1763 774 1836 latus
794 1764 1024 1836 extensorium
1048 1750 1134 1834 conss

148 1878 294 1956 versum.
1079 1893 1085 1903 ‘

53 2034 117 2106 pig
198 1999 238 2071 ln
273 1999 383 2098 digito
415 1998 610 2073 femineo
639 2000 728 2073 idem
753 2016 891 2074 notatur
912 2001 1136 2094 processuum

66 2136 118 2195 lx.
148 2141 332 2204 numerus,
368 2119 494 2215 figurae
523 2128 636 2191 autem
670 2117 840 2191 diversae:
872 2122 918 2190 ita
951 2137 988 2188 ut
1023 2118 1135 2190 solum

76 2327 79 2335 ,
151 2237 373 2309 tuberculum
417 2235 490 2329 (t.)
535 2224 613 2308 cum
658 2237 812 2309 masculo
855 2239 1061 2324 conveniat,
1104 2253 1138 2309 at

151 2359 318 2426 corrtraria
352 2354 540 2426 directione
559 2388 563 2397 ·
571 2355 718 2446 politum
753 2339 804 2427 lit.

200 2470 370 2544 Lamalla
401 2472 545 2543 feminea
580 2471 652 2564 (l.)
685 2466 793 2568 figuti
818 2476 860 2544 'et
893 2462 976 2546 loco
1006 2495 1026 2544 a
1052 2489 1139 2546 mas·

153 2571 267 2662 culina
298 2608 417 2682 purum
453 2574 590 2672 differt,
621 2587 682 2658 nill
716 2578 855 2678 quode
886 2589 995 2686 digito
1028 2593 1076 2662 ita'
1101 2610 1142 2661 ea

153 2711 322 2796 mittitur,
360 2728 400 2780 ut
435 2709 619 2804 marginem
655 2708 816 2800 respiciat
850 2712 974 2802 pinnae
1006 2708 1135 2781 ulna·

153 2848 260 2899 rem.
890 2906 892 2910 y
1083 2822 1087 2829 ’

202 2942 387 3014 Processus
417 2945 535 3014 tertius
568 2941 715 3016 discerni
748 2963 864 3042 potest
889 2946 1033 3017 nomine·
1055 2958 1139 3040 apae

149 3056 293 3157 phyfeos
322 3057 412 3154 (a).
447 3058 560 3130 >Haec
576 3057 706 3154 spinae
731 3062 899 3134 masculae
924 3065 958 3134 ln
981 3069 1025 3136 eo¹
1050 3063 1140 3135 fimi·

154 3177 198 3248 lis
228 3196 303 3262 est,
337 3175 432 3268 quod
462 3176 589 3248 oriatur
619 3199 639 3247 e
665 3178 872 3268 tuberculo,
905 3200 995 3251 nunc
1028 3196 1139 3270 vero,

105 3306 107 3310 ‘
155 3293 338 3393 identidem
360 3292 508 3387 amplior
532 3294 639 3380 lacta,
666 3294 785 3369 definit
809 3301 844 3367 in
869 3295 1031 3394 angulum
1056 3320 1140 3385 acu·

122 3439 125 3443 ·
158 3416 376 3502 tu1n3cuius
405 3411 550 3484 ditectio
579 3413 701 3484 lineam
733 3413 945 3512 diagonalem
971 3435 1064 3488 tenet
1088 3418 1140 3488 in·

157 3552 209 3602 ter
240 3534 424 3630 marginem
465 3532 586 3624 pinnae
619 3513 769 3605 ulnarem
809 3551 846 3604 et
878 3531 965 3605 latus
999 3531 1140 3609 flexoric

141 3669 229 3721 sum.
468 3668 471 3672 ·
636 3680 640 3688 ·

998 4022 1021 4123 §
1060 4052 1140 4105 toa.
