2564 4710
221 386 590 445 cousrnnnstro
631 388 918 463 sensurus.
977 460 980 465 4
1021 385 1062 441 tr

83 569 206 643 Verum
241 568 342 637 etism
376 564 505 636 fabrico
537 562 820 636 abnormalis
852 584 893 635 sc
926 583 1068 635 mons·

80 685 178 759 tros
179 705 200 755 a
227 681 359 775 aliquid
389 682 512 765 habet,
539 703 611 773 quo
634 684 824 774 comparari
847 700 964 773 potest
987 703 1067 753 curn
1157 750 1161 762 ,

77 801 206 874 fabrice
233 799 428 871 animalium
453 796 630 891 perfecta:
657 801 703 869 its
725 818 763 869 ut
786 797 878 868 fetus
900 800 1068 869 humanus

75 917 180 1014 gradu
211 915 376 988 inferiore
409 936 566 1008 tanquam
600 913 781 985 substitisse
814 913 968 985 videatur
988 911 1067 1007 (*).

76 1036 232 1127 Utraque
273 1033 332 1106 lex
371 1034 459 1106 adeo
494 1031 651 1105 constans
685 1052 763 1117 est,
794 1052 834 1103 ut
866 1031 1068 1104 observetur

76 1157 176 1227 etism
207 1156 244 1224 in
277 1152 512 1223 memoralibus
537 1173 572 1223 et
595 1151 740 1236 avibus,
764 1170 924 1242 respectu
948 1150 1068 1223 habito

77 1270 117 1341 sd
150 1268 275 1341 classes
307 1266 513 1353 inferiores,
544 1290 588 1340 ne
619 1270 778 1363 exceptis
808 1268 947 1360 quidem
979 1266 1069 1339 mol·

75 1386 206 1475 luscis,
236 1388 438 1493 semibus,
471 1388 677 1476 cruiisceis,
709 1389 866 1482 reliquis.

956 1503 1070 1596 511.

75 1804 193 1850 tntu.
219 1791 249 1849 in
268 1788 386 1850 Handb.
408 1787 461 1849 der
481 1786 622 1850 Menstbl.
644 1788 811 1859 Anatomie.
833 1790 902 1850 to'm.
922 1786 948 1850 Ι.
969 1786 1071 1867 capJ.

75 1896 193 1944 ruem.
222 1887 252 1944 iu
279 1884 407 1945 Deutscb
436 1884 560 1946 Archiv.
581 1883 640 1963 ἢν
670 1885 719 1945 die
747 1882 926 1961 Physsuogte.
954 1882 1071 1945 tostus.

108 1977 245 2055 parui.
284 1978 376 2039 Porro
780 2024 794 2047 .

75 2086 107 2133 e.
128 2090 160 2134 e.
179 2088 337 2143 certus,
367 2069 493 2146 Versuclt
520 2077 601 2132 einer
621 2070 809 2159 Darssellung
830 2072 877 2130 des
898 2068 1071 2153 Neruensyt·

118 2179 210 2239 tems,
238 2167 300 2227 und
318 2172 362 2227 ins
383 2167 518 2242 besottdre
538 2166 586 2226 des
607 2162 741 2226 Gebirns.
781 2165 892 2244 Lt'pfiae
916 2169 998 2242 1814.
1019 2172 1071 2242 4⁰.

111 2272 184 2338 ias·
208 2263 263 2337 258
286 2260 366 2339 fert·

72 2371 99 2416 ι.
120 2360 392 2424 restructis,
411 2356 554 2430 Beitruge
575 2356 631 2414 ztir
651 2352 1072 2430 Ennuickelungs-Gescbicltte

116 2447 164 2507 des
183 2447 326 2510 Menschl.
350 2446 500 2509 Geht'rnst.
525 2446 645 2525 Francf.
676 2449 761 2523 1814.

75 2560 111 2605 r.
137 2559 412 2614 etenensium,
441 2543 535 2603 Anat.
569 2543 630 2602 und
656 2541 998 2619 Bilduugs·Gescht'chte
1026 2543 1074 2603 des

119 2635 243 2697 Gehirns
273 2642 304 2697 t'n
335 2634 499 2711 Menfcien.
539 2638 672 2698 Norimb.
705 2639 787 2697 1816.
816 2644 866 2714 40.
908 2638 940 2697 In
967 2640 1012 2697 his
1038 2639 1073 2699 de

118 2732 239 2795 cerebro
267 2731 395 2805 inprimis
415 2733 521 2805 iegitur
542 2747 575 2790 nc
596 2731 721 2790 medulla
740 2732 861 2805 spinali3
889 2735 1011 2807 quaein
1032 2733 1073 2792 fe·

119 2836 172 2895 tu,
201 2840 216 2881 a
245 2825 363 2898 septima
388 2823 454 2882 inde
481 2824 684 2897 conceptionis
706 2824 905 2895 hebdomade,
934 2825 968 2884 nd
996 2827 1075 2886 deci·

119 2936 192 2977 marn
216 2920 343 2989 sextam,
363 2932 418 2976 tam
436 2917 527 2992 figura
548 2935 634 2992 quum
654 2919 775 2992 partium
797 2918 921 2989 fabrice,
940 2922 1073 2995 piscibus

120 3030 154 3072 rc
172 3015 326 3090 reptilibus
349 3014 455 3071 eximie
475 3011 668 3085 respondent,
698 3012 801 3072 deinde
820 3016 945 3084 ovibus,
966 3018 1074 3076 medio-

122 3121 180 3180 que
211 3105 386 3180 graviditstis
416 3106 560 3176 termino,
587 3102 622 3162 td
650 3108 839 3164 marnmaiium
861 3108 1071 3181 perfectionem

121 3199 249 3259 nondum
275 3212 478 3272 peruenerunt.

122 3372 177 3451 (³)
216 3386 402 3441 uterne,
422 3371 495 3447 Syst.
517 3370 546 3430 d.
563 3373 654 3447 vergl.
672 3370 766 3431 Anat.
786 3369 812 3431 I.
835 3372 911 3433 Sect.
924 3362 979 3433 W.
995 3389 1074 3447 prue-

82 3467 183 3526 sertim
203 3465 219 3543 ς
243 3480 296 3551 ine
312 3462 414 3542 seqq.;
434 3478 463 3522 et
481 3462 601 3523 Handb.
623 3463 652 3524 d.
672 3461 805 3523 menscltl.
825 3464 919 3522 Anat.
939 3464 966 3523 I.
987 3466 1002 3542 §
1025 3468 1073 3531 28.

77 3575 152 3642 sas·
172 3576 207 3636 ss
226 3556 305 3637 sen·
1065 3570 1069 3583 ·

123 3657 150 3717 E
177 3655 319 3715 sexcentis
343 3653 507 3727 exemplis,
536 3652 596 3711 tab.
616 3653 652 3712 X.
672 3651 722 3728 fig.
742 3653 795 3712 IV.
823 3652 972 3727 depictum
996 3657 1075 3715 inve-

83 3753 162 3813 nitur
183 3749 306 3808 infantis
333 3746 478 3807 monstrosi
505 3747 674 3818 brachium
695 3749 778 3808 cuius
801 3766 929 3807 munus
954 3765 1075 3811 emittun-

82 3846 173 3928 motio
199 3861 236 3904 ex
256 3844 459 3918 integumentis
479 3844 642 3917 prominet,
661 3856 690 3903 et
714 3860 780 3904 eum
802 3848 948 3920 omoplatn
971 3862 998 3905 et
1018 3849 1075 3905 ciu-

82 3939 184 3999 vicuia
205 3940 304 3999 iuncta
323 3949 388 4009 est,
408 3935 468 3994 sola
487 3934 652 4010 interpoiita
674 3936 839 4010 cartilagine
861 3939 961 4007 tenui,
982 3941 1074 4000 brevi.

86 4030 136 4091 Sic
167 4046 286 4107 quoque
315 4030 344 4089 in
371 4029 475 4105 pisce,
505 4045 538 4087 os
557 4029 667 4088 humeri
689 4041 718 4086 et
740 4030 948 4091 antibtachium
968 4046 997 4090 et
1016 4015 1087 4091 cnr-⁶

82 4141 140 4200 pus
160 4124 313 4185 confluunt
334 4139 400 4184 cum
421 4122 538 4198 scopula
556 4136 585 4184 et
606 4124 760 4184 clavicula.
